4000 5392
542 588 764 659 msromsu
791 590 1049 657 omimium
1074 594 1167 657 xxx.
1188 574 1374 659 so-uo.
1449 587 1519 659 τοι

425 749 595 835 τόλμηιιας,
613 752 802 828 ὑποστάσεις
815 756 875 833 μὲν
895 752 1063 829 ιίνουσίους
1079 748 1228 837 θεότητος
1245 753 1274 817 δ’
1288 751 1526 830 ἀνυποστάτους

426 857 538 935 σέβων.

530 958 686 1038 Τέταρτον
707 958 743 1020 δὲ
773 950 822 1020 ὅτι
849 956 904 1020 καί
914 954 986 1020 τίν
1015 949 1186 1035 ἄνθρωπον
1209 953 1263 1020 ναί
1294 954 1347 1019 τὸν
1367 959 1459 1019 λίθον
1481 956 1607 1032 είς11’

426 1055 604 1140 ίπὸίειγμα
621 1061 738 1143 φέρων,
759 1056 816 1124 καί
837 1056 1020 1142 ὁριζόμενος
1044 1058 1157 1123 ου’σίον
1171 1052 1252 1123 εἶναι
1274 1056 1352 1138 μετὰ
1376 1060 1438 1123 τῶν
1461 1081 1526 1142 φυ-

398 1160 523 1233 tanede
543 1156 620 1239 περί
639 1158 739 1243 αὐτὴν
760 1159 931 1243 ὁρωμένων
944 1163 1259 1244 συλλαμβανομίνην,
1281 1155 1383 1235 ἑάλως
1405 1156 1450 1225 ἔτι
1472 1156 1528 1223 καί

426 1256 672 1340 συμβεβηκότων
693 1260 852 1343 σύλληψιν
874 1255 956 1324 εἶναι
971 1262 1109 1337 νομίζων
1131 1259 1189 1344 την
1211 1262 1302 1325 θείαν
1325 1257 1445 1345 ἐκείνην
1467 1262 1525 1323 ου’·
1536 1279 1554 1337 f,
1566 1279 1616 1337 136
1624 1294 1652 1337 η,

427 1358 501 1421 σιάν
522 1350 628 1441 ὥσπερ
650 1358 704 1424 ίπί
724 1344 781 1423 soii
810 1362 1046 1443 προβληθέντος
1067 1383 1116 1421 σοι
1141 1364 1251 1439 λίθου,
1273 1358 1373 1441 βάρος
1395 1358 1525 1441 ψυχρί-

424 1480 503 1539 τητα
523 1460 639 1542 χρῶμα
661 1465 763 1543 μῆκος
786 1458 901 1536 πλάτος
921 1462 977 1525 ναί
995 1458 1112 1542 βάθος,
1135 1459 1190 1525 καί
1208 1453 1267 1525 ὅσα
1288 1463 1418 1528 τοιαῦτα
1442 1470 1524 1527 νοεῖν

425 1554 493 1640 ἔχει
509 1582 567 1638 τις,
591 1556 728 1641 ἔχοντος.
773 1556 865 1625 drot*
882 1566 940 1627 τοῦ
961 1564 1118 1643 προτέρου
1140 1570 1248 1646 χεῖρον
1271 1556 1316 1635 εἰς
1339 1560 1482 1626 ἀτοπίαν.

380 1664 416 1720 10
526 1661 597 1724 Καί
610 1662 751 1739 πέμπτον
766 1654 895 1739 ἄτοπον,
920 1655 968 1727 ὅτι
989 1664 1044 1726 ναί
1062 1665 1205 1742 βεβαιοῖς
1221 1658 1280 1743 την
1299 1656 1357 1745 ση“ν
1380 1660 1523 1741 α’μαθίαν
1535 1685 1589 1737 ιο

423 1760 479 1821 καί
501 1760 673 1823 πολυθείαν
696 1760 750 1825 lad
774 1764 828 1843 τῆς
850 1758 929 1844 πρός
951 1758 1007 1825 τόν
1026 1765 1127 1842 μέγαν
1150 1757 1344 1831 Ἀθανᾶσιον
1359 1785 1524 1847 ουνοφαι-
1582 1752 1586 1759 ’

424 1862 505 1933 σίας.
550 1854 603 1922 ἐπί
624 1857 684 1943 γὰρ
709 1858 742 1925 ἓν
765 1864 878 1937 ἐκεῖνος
900 1859 984 1943 ἔχειν
1007 1864 1088 1945 φησί
1109 1859 1166 1945 τη“ν
1187 1861 1354 1947 α’ναφορὰν
1374 1860 1413 1926 τὰ
1436 1857 1521 1927 οὕτω

423 1956 524 2021 πολλοὶ
544 1960 608 2022 τῶν
631 1959 794 2039 ίνομυίτισν
816 1964 953 2043 ἐκείνων,
977 1959 1079 2027 siloes
1095 1958 1150 2047 την
1172 1955 1316 2046 οὖσίανζ
1348 1960 1387 2027 σί
1412 1966 1439 2026 d'
1463 1965 1521 2027 ουίι

424 2047 527 2147 ᾔσθου
550 2058 630 2123 sard
665 2066 804 2126 σεαυτοῦ
836 2065 973 2142 νομίζων
1003 2057 1037 2127 ὃν
1068 2056 1150 2147 ὑπὲρ
1174 2067 1313 2127 σεαυτοῦ
1335 2059 1520 2143 κεκόμικας·

381 2167 414 2221 15
426 2154 527 2233 οὕτως
563 2159 694 2243 α’μαθης
721 2155 754 2224 εἶ
784 2164 837 2226 ναί
862 2159 948 2241 μα’λα
984 2163 1138 2245 ιίγροίνος.
1192 2156 1260 2227 εἶτα
1280 2164 1336 2227 ιιαί
1357 2152 1522 2244 ἄθροισμα

321 2326 334 2337 ,
417 2260 506 2339 eilrat
527 2261 761 2342 ιιαίπληρωμα
784 2261 933 2346 θεότητος
953 2266 1055 2327 ταῦτα
1078 2266 1196 2342 eorde,
1219 2262 1259 2326 osi
1276 2260 1340 2345 μην
1363 2260 1522 2343 &turritum
1580 2340 1583 2345 Ι

422 2361 479 2439 τῆς
499 2359 610 2434 σίσίος
631 2358 796 2443 διαφόρων
817 2358 897 2425 κατα
921 2365 957 2426 σὲ
975 2363 1029 2425 καί
1053 2356 1209 2443 α’λλῆλιαν.
1254 2364 1319 2436 πῶς
1340 2359 1399 2443 γὰρ
1420 2354 1454 2434 ὃς
1469 2358 1523 2425 int*

420 2460 454 2523 ἓν
475 2458 557 2523 οὗτοὶ
579 2459 636 2543 τὴν
660 2458 829 2544 τίνάφορὰν
851 2460 935 2542 ἔχειν
957 2468 1047 2546 φησί,
1076 2459 1196 2549 δηλοίη
1220 2460 1276 2544 τὴν
1295 2462 1419 2525 ου’σίαν.

510 2553 596 2625 Ἐστι
618 2562 696 2625 ιιοίπί
716 2563 839 2637 τούτοις
858 2564 946 2627 ἕκτον
967 2555 1100 2643 ἄτοπον,
1133 2558 1183 2627 ὅτι
1204 2565 1258 2627 καί
1277 2558 1333 2626 τὸν
1355 2565 1443 2626 θείαν
1458 2586 1520 2625 συ-
1532 2583 1590 2635 ιο

375 2664 825 2748 ἳθιιοφαντείςΔαμασιιηνόν,
848 2663 889 2739 ὥς
910 2667 1077 2748 προϊοῦσιν
1093 2662 1169 2747 ἡμῖν
1182 2659 1340 2748 εἰρήσεται
1361 2665 1417 2726 ιιαί
1440 2661 1520 2725 αοέὁ

418 2762 620 2847 πλατύτερον.
640 2766 849 2849 δειχθήσεται
862 2763 923 2850 γὰρ
939 2764 972 2831 τὸ
983 2768 1229 2850 χαρακιηρίζειν
1243 2766 1288 2853 spi
1300 2759 1520 2849 διαφίρεινμὴ

424 3081 503 3132 etiam
521 3078 673 3145 multarum,
693 3078 760 3133 illud
778 3080 824 3133 hio
841 3096 948 3151 quoqne
977 3096 1056 3135 rusus
1082 3096 1111 3134 es
1132 3060 1242 3145 diuers,
1269 3096 1327 3132 eum
1348 3083 1375 3130 et
1392 3068 1517 3133 suostan-

422 3153 474 3204 tias
492 3152 626 3204 essentiae
646 3159 673 3203 et
692 3153 847 3205 divinitates
867 3153 1031 3206 substantiae
1051 3161 1173 3220 expertas
1194 3152 1344 3205 venereris.

425 3258 428 3262 ’
463 3299 474 3309 ,
520 3248 647 3313 Quartum
676 3265 733 3300 eum
765 3258 792 3301 et
816 3250 923 3302 homine
948 3258 975 3302 et
993 3250 1083 3318 lapide
1102 3248 1231 3317 exemplis
1260 3248 1343 3299 utaris
1363 3254 1390 3298 et
1404 3254 1519 3297 eonten-

419 3319 485 3382 das,
514 3321 656 3371 essentium
677 3321 866 3389 comprehendi
894 3338 952 3373 eum
973 3323 1024 3386 iis,
1049 3336 1117 3390 quoe
1137 3323 1163 3373 in
1191 3334 1224 3371 ea
1243 3324 1386 3370 cernantur
1403 3316 1517 3368 naturali

419 3391 509 3453 modo,
528 3391 711 3457 deprehensos
731 3409 760 3443 es
779 3407 860 3459 porro
881 3395 991 3444 eredens
1012 3393 1187 3444 accidentium
1209 3404 1316 3457 quoque
1339 3386 1516 3453 comprehen-

418 3461 521 3512 sionem
541 3477 601 3513 esso
620 3461 693 3514 illam
713 3466 853 3515 essentiam
873 3465 999 3527 divinam,
1021 3463 1097 3514 velut
1115 3461 1248 3528 iulapide
1265 3474 1280 3510 a
1299 3466 1326 3509 te
1344 3459 1452 3519 iactato,
1472 3457 1517 3524 qul

419 3533 589 3600 gravitatem,
608 3534 704 3603 frigus,
724 3535 853 3599 colorem,
873 3535 1084 3602 longitudinem,
1103 3532 1269 3584 latitudinem
1296 3528 1516 3595 altitudinemque

419 3610 446 3654 et
466 3618 641 3671 quaeeunque
670 3606 798 3656 eiusmodi
823 3607 937 3675 cogitari
962 3611 1088 3673 possunt,
1116 3604 1256 3665 eontinet,
1286 3601 1313 3652 id
1341 3598 1515 3668 quodetiam

418 3674 497 3740 peius
516 3683 557 3727 est
575 3674 689 3727 stultitia
706 3678 805 3743 priore.

515 3762 550 3814 Et
568 3765 687 3831 quintum
717 3764 825 3816 stultum
852 3765 939 3829 illud,
965 3764 1036 3832 quod
1064 3763 1141 3814 etiam
1170 3761 1309 3813 confirmas
1336 3756 1514 3826 ignorantium

418 3840 489 3883 tuam
511 3842 538 3885 et
556 3834 698 3887 multorum
718 3838 865 3889 doctrinam
891 3837 1000 3888 deorum
1027 3834 1202 3901 perversione
1227 3832 1356 3883 dictorum
1376 3827 1514 3882 Athanasii

419 3905 518 3971 magni.
554 3906 588 3957 ad
606 3921 686 3957 uuum
705 3908 775 3958 enim
800 3907 849 3959 ille
868 3909 932 3960 dicit
950 3907 1047 3959 relorri
1074 3904 1121 3957 illa
1138 3912 1178 3956 tot
1199 3900 1317 3966 nomiira,
1338 3901 1461 3954 nimirum
1483 3897 1515 3949 ml

419 3976 573 4027 essentium.
612 3984 639 4027 tu
660 3987 747 4029 tutem
767 3979 918 4045 imprudens
938 3986 1031 4030 contra
1048 3985 1075 4028 te
1100 3976 1212 4028 attulisti
1233 3989 1310 4043 quem
1332 3986 1380 4039 pro
1399 3979 1426 4022 ta
1445 3968 1516 4021 alla.

417 4053 491 4097 turus
513 4061 581 4097 eras.
618 4055 671 4098 tarn
692 4050 764 4100 rodis
795 4065 824 4100 es
845 4057 872 4101 et
891 4049 977 4101 valde
994 4048 1119 4099 incultus.
1164 4047 1260 4099 deinde
1289 4053 1316 4097 et
1335 4042 1469 4093 materiem
1491 4046 1518 4091 et

417 4117 599 4184 expletionem
624 4118 774 4171 divinitatis
799 4119 866 4171 haee
890 4122 948 4187 ipse
978 4121 1116 4185 nominat,
1139 4134 1193 4170 nou
1222 4125 1310 4169 tumen
1338 4113 1516 4173 divinitatum,

415 4203 483 4254 quae
501 4188 534 4240 ab
556 4191 683 4255 essentis,
702 4197 731 4240 ut
748 4198 777 4241 tn
797 4192 849 4254 vis,
870 4199 897 4242 et
915 4193 985 4243 inter
1004 4206 1034 4243 se
1053 4188 1184 4255 differant,
1204 4186 1335 4257 quomodo
1363 4184 1433 4234 euim
1453 4181 1516 4235 talia

415 4260 505 4310 dicero
526 4262 621 4327 possit,
639 4262 685 4327 qui
703 4261 735 4331 sd
754 4276 834 4312 unum
852 4261 901 4312 illa
920 4262 1015 4314 rolerri
1034 4263 1109 4327 dicit,
1129 4261 1251 4312 nimirum
1270 4258 1301 4309 ud
1322 4256 1473 4307 essentiam.

523 4355 571 4406 Est
590 4363 677 4406 antem
695 4348 836 4421 praeterea
856 4364 958 4408 sextum
979 4357 1087 4408 stultum
1107 4354 1190 4418 illud,
1218 4352 1288 4421 quod
1312 4336 1430 4402 divinum
1449 4362 1519 4415 quo.

431 4440 484 4492 qno
514 4426 663 4479 criminaris
681 4425 885 4490 damascenum,
912 4428 983 4494 qood
1008 4433 1035 4479 et
1063 4428 1148 4494 ipsum
1168 4424 1272 4492 planius
1291 4438 1306 4474 α
1324 4419 1401 4473 nobis
1430 4426 1524 4486 postea

426 4496 451 4547 di
460 4503 545 4549 cetur.
589 4496 812 4551 demonstrabitur
833 4499 917 4566 enim,
941 4498 1092 4566 siguificare
1113 4504 1139 4551 et
1166 4496 1273 4547 differre
1292 4506 1345 4575 ooo
1367 4490 1523 4557 nereidem,
