4000 5392
501 560 1357 655 utsroumueuzuuuuauxxxvr'.tit-16.
1431 572 1502 659 509

405 745 548 832 ἐπισήμῳ
583 746 638 811 καί
661 745 780 832 ἀρχικῇ
802 748 944 835 σημαίη,
984 746 1084 831 μέχρι
1113 746 1234 822 πόλεως
1254 770 1289 811 τε
1320 743 1503 826 καῖ’ἕστίας
1551 808 1555 813 ,

405 848 467 910 τῶν
489 848 522 911 ἐν
541 845 684 935 Βιθυνίᾳ
711 846 929 931 περιβλέπτων
944 871 977 911 τε
1000 850 1056 911 καί
1076 847 1211 924 ἐνδόξων
1231 850 1323 929 μιᾶς·
1380 850 1501 916 Νίκαια

404 946 539 1031 ταυτησί
566 945 601 1013 τύ
635 946 817 1029 ἐπώνυμον·
871 947 950 1028 ἔνθα
974 946 1012 1032 δὴ
1041 948 1153 1023 πάντες
1175 949 1334 1034 συνῄεσαν
1353 951 1501 1027 Βιθυνοί,

405 1044 476 1109 ὅσοι
499 1070 532 1109 τε
554 1046 814 1131 τῶνβαρβάρων
836 1047 891 1111 καί
913 1045 1088 1133 ὁμοφύλων
1112 1048 1200 1134 αὐτῷ
1211 1096 1220 1124 ,
1243 1047 1298 1111 καί
1319 1045 1390 1113 ὅσοι
1410 1055 1502 1131 μιξο-

377 1147 575 1232 5βάρβαροι,
597 1147 801 1231 καίιπρύςγε
816 1146 911 1223 ῦσους
933 1153 995 1213 τῶν
1012 1148 1185 1233 ὁμοφύλων
1206 1144 1298 1223 ῦντας
1318 1146 1395 1231 ἡμῖν
1417 1146 1503 1227 ὅπως

376 1247 480 1311 ποτὲ
501 1254 567 1323 τοῖς
588 1245 809 1333 βαρβάροιςῆ
843 1248 921 1332 τύχη
958 1250 1118 1313 δουλεύειν
1138 1248 1306 1333 ἠνάγκασε,
1331 1252 1420 1334 δῶρα
1444 1250 1502 1336 φέ-

406 1371 510 1431 ροντες
532 1350 729 1426 παντοιλαπά,
752 1350 901 1435 πρόβατα
917 1349 972 1414 καί
991 1338 1071 1429 βύας
1093 1349 1148 1413 καί
1169 1347 1286 1412 ἔπιπλα
1299 1351 1355 1414 καί
1373 1353 1503 1414 τοιαῦτα

405 1443 481 1511 ῦττα
505 1447 727 1528 πάμπολλύτε
761 1449 816 1513 καί
849 1452 1012 1532 πολυιιύη.
1064 1448 1185 1534 ὀλίγαις
1218 1451 1246 1512 ‹l'
1269 1446 1401 1535 ὕστερον
1423 1448 1502 1532 ἦμέ-

406 1572 477 1631 ραις
498 1546 525 1611 οἱ
541 1549 795 1635 ,προπέμψαντες
814 1552 969 1635 ἐπανῆκον
989 1550 1163 1630 Βυζάντιοι
1180 1554 1257 1633 μεθ’
1281 1540 1325 1614 ὧν
1346 1553 1504 1637 προσῆκεν

363 1663 395 1717 10
405 1650 526 1715 ἐκεῖθεν
545 1651 690 1735 χαρίτων
711 1652 767 1716 κατ’
790 1651 910 1737 ιλιύρων.

505 1752 575 1816 Καὶ
593 1754 693 1816 ταῦτα
712 1754 771 1836 μὲν
800 1746 910 1819 τοῦτον
942 1752 1018 1835 ἔσχε
1049 1753 1103 1818 τὸν
1124 1754 1250 1840 τρόπον,
1273 1754 1329 1819 καί
1347 1752 1382 1819 τὸ
1406 1754 1570 1840 θέροςη

404 1853 438 1915 ἐν
458 1852 578 1928 τούτοις
599 1853 753 1931 ἐτελεύτα,
772 1854 868 1939 ξηρὸν
888 1856 920 1930 ἐς
938 1857 1089 1919 τοσοῦτον
1107 1856 1274 1939 γενόμενον
1294 1856 1350 1919 καί
1370 1854 1502 1936 αύχμαῖ-

406 1953 457 2027 teg
482 1952 537 2017 καί
560 1954 761 2017 παντάπασιν
784 1950 916 2038 ῦνικμον
937 1952 980 2031 οἷς
1000 1956 1056 2020 καί
1080 1955 1289 2040 ἀπογνώσεως
1310 1951 1373 2038 ἤδη
1395 1979 1502 2039 παρα-

405 2051 544 2131 σχέσθαι
570 2060 636 2129 τοῖς
674 2054 906 2139 ἀμπελουρμοῖς
936 2051 1105 2131 ἀπονοίας·
1161 2054 1296 2121 ἔσεσθαι
1320 2054 1382 2140 γὰρ
1413 2052 1500 2118 οἴνου

361 2164 395 2239 ti
403 2153 531 2237 μακράν
549 2177 618 2220 τινα
641 2155 755 2220 σπάνιν
775 2156 831 2220 καί
853 2154 993 2241 ἀφορίαν
1016 2152 1123 2245 ᾤοντο.
1145 2157 1181 2221 τὸ
1204 2159 1234 2219 ‹l'
1256 2159 1287 2232 ἐς
1310 2159 1374 2221 πᾶν
1399 2152 1501 2240 ἀπέβη

402 2251 592 2331 τούναντίον,
615 2251 660 2331 οῦς
683 2255 963 2341 ἀνωμολογημένον
978 2255 1083 2322 ἅπασι
1103 2260 1294 2342 γεγενῆσθαι
1313 2258 1425 2338 θαῦμα
1449 2255 1503 2319 ἐπὶ

404 2354 546 2435 θαύματι
567 2357 658 2421 τοῦτο
689 2354 779 2441 παρὰ
811 2358 867 2419 τοῦ
902 2358 1085 2443 κρείττονος,
1136 2360 1261 2442 πρῶτον
1287 2357 1346 2439 μὲν
1379 2352 1440 2440 γάρ
1463 2348 1503 2436 ἦν

404 2455 503 2517 ἐκεῖνο
527 2457 639 2538 θαῦμα
662 2460 750 2520 θεῖον
780 2456 836 2521 καί
855 2456 1021 2543 μέγιστον,
1044 2458 1078 2522 ἐν
1099 2465 1223 2541 καιροῖς
1251 2456 1423 2531 τοιούτοις,
1440 2450 1503 2518 ’ῦτο

403 2551 437 2617 τῦ
456 2552 676 2643 ’ἀκμαιότατον
695 2559 752 2640 τῆς
771 2559 973 2642 βαρβαρικῆς
1004 2556 1114 2637 ἰσχύος
1136 2554 1192 2639 τη“ν
1209 2554 1378 2638 Ῥωμαίων
1402 2553 1501 2615 πύλαι

360 2653 593 2741 nonullorum
612 2656 729 2741 χρόνον
748 2655 994 2738 ἕπιβοσκόμενον
1016 2660 1090 2741 γῆν,
1103 2657 1222 2741 μικροῦ
1242 2656 1298 2719 καί
1322 2651 1500 2729 αι’-τάςΒυ-

406 2754 538 2832 ζαντίων
559 2756 615 2831 τὰς
628 2757 728 2833 πύλας
749 2758 948 2841 ἐγκέκλεικεν,
973 2754 1016 2833 ιῦς
1039 2756 1183 2841 ἀοίκητον
1206 2749 1288 2819 εἶναι
1307 2755 1362 2819 καί
1384 2750 1501 2835 ἄβατον

403 2854 539 2940 ἐρημίαν
560 2855 600 2921 τά
615 2856 675 2935 ἔξω
691 2860 801 2923 πολῶν
818 2856 957 2937 ἅπαντα,
971 2856 1077 2925 ἔπειτα
1099 2858 1203 2924 νεύσιι
1224 2859 1303 2922 θεοῦ
1320 2852 1502 2940 παράδοξόν

402 2981 472 3021 τινα
493 2959 548 3024 καί
570 2958 807 3047 ἀπροσδόκητον
830 2962 980 3048 ἐξαίφνης
1006 2962 1040 3024 ἐκ
1062 2962 1117 3044 τῆς
1138 2964 1193 3024 τοῦ
1220 2956 1337 3035 παιδὸς
1351 2954 1502 3044 Ὑρκανοῦ

402 3059 625 3140 κατασχέσεως
643 3058 816 3145 Ῥωμαίοις
839 3062 1028 3151 ἐλευθερίαν
1050 3059 1210 3148 γενέσθαι,
1241 3057 1284 3137 ιύς
1306 3061 1388 3124 πᾶσι
1405 3056 1500 3140 βύσι-

403 3348 430 3397 et
450 3344 538 3397 locum
559 3358 592 3396 ox
611 3343 755 3412 Bithyniae
774 3326 956 3399 celeberrimis
976 3353 1004 3398 et
1020 3345 1170 3398 illustribus
1189 3344 1303 3411 oppidis.
1341 3341 1385 3394 oui
1402 3353 1500 3392 nomeu

404 3424 444 3468 est
465 3416 575 3469 Nicaea.
595 3414 648 3466 huc
667 3430 758 3467 omues
771 3416 890 3482 Bithynii
911 3418 1062 3485 quicunque
1081 3416 1186 3468 barbari
1206 3424 1232 3465 et
1250 3411 1358 3467 incolae
1380 3419 1408 3462 et
1424 3411 1500 3462 minti

402 3502 459 3538 cum
483 3487 603 3540 barbaris
621 3486 831 3551 conveniebant,
852 3495 878 3537 et
891 3496 1040 3553 praeterea,
1060 3501 1127 3555 quos
1146 3485 1293 3537 incolarum
1311 3490 1418 3534 nostros
1435 3480 1500 3534 olim

350 3616 353 3623 ,
400 3556 518 3610 barbaris
538 3559 642 3610 servire
661 3558 766 3610 iortuua
787 3560 928 3625 coeperat,
950 3559 1020 3610 dona
1037 3558 1184 3610 attulerunt
1200 3556 1290 3620 varia,
1310 3568 1380 3622 apuu
1400 3560 1427 3604 et
1444 3552 1497 3604 bo.

401 3644 449 3679 ves
467 3638 494 3681 et
510 3628 727 3696 suppellectilem
747 3638 774 3681 et
794 3630 921 3681 eiusmodi
943 3628 1026 3680 multa
1046 3636 1073 3681 et
1090 3629 1174 3680 varia.
1210 3629 1302 3694 paucis
1321 3624 1415 3677 dicbus
1435 3630 1496 3692 post

399 3699 522 3768 Byzantii
541 3701 645 3752 roverti
665 3708 726 3751 suut
745 3715 803 3750 cum
822 3700 916 3767 quibus
938 3702 1046 3752 miserat
1065 3700 1158 3767 gentile
1177 3706 1205 3749 et
1224 3700 1310 3750 donis.

500 3784 572 3840 llaec
592 3802 650 3837 eum
679 3786 757 3838 finem
777 3785 934 3839 habuerunt.
972 3795 999 3838 ct
1026 3794 1113 3839 aestas
1134 3786 1175 3837 his
1194 3785 1273 3838 rebus
1299 3785 1421 3836 coniecta
1447 3790 1497 3849 est,

400 3874 469 3925 quae
488 3856 593 3925 quidem
614 3856 803 3925 pulverulenta
821 3859 887 3909 adeo
914 3865 941 3910 et
959 3857 1086 3925 squalosa
1114 3865 1140 3909 et
1159 3857 1266 3908 omniuo
1285 3865 1410 3908 aestuosa
1432 3862 1497 3918 erat,

400 3936 429 3980 ut
449 3928 598 3979 vinetorum
618 3944 680 3993 spes
699 3930 725 3979 iu
745 3930 959 3996 desperationem
980 3932 1096 3983 venerit.
1142 3944 1201 3979 uam
1221 3928 1277 3980 viui
1297 3942 1416 3995 maguam
1435 3926 1499 3976 ino.

400 3998 470 4065 piam
491 4007 518 4050 et
535 3998 702 4050 sterilitatem
723 4000 836 4051 laturum
865 4002 1034 4066 iudicabant,
1055 4000 1124 4069 quod
1144 3999 1224 4065 plane
1243 3998 1322 4050 aliter
1341 4000 1439 4050 lactum
1458 4003 1500 4048 eat

386 4071 515 4122 ⁸omnium
535 4083 679 4122 consensu.
713 4070 867 4122 miraculum
887 4082 1008 4124 secutum
1027 4081 1067 4124 est
1090 4071 1246 4122 miraculum
1271 4069 1390 4121 melioris
1410 4068 1498 4119 lurtu-

399 4155 460 4191 nae.
497 4141 609 4208 primum
642 4143 710 4194 euim
730 4143 850 4194 divinum
874 4144 1029 4196 miraculum
1055 4151 1086 4195 ‘et
1104 4158 1230 4194 summurn
1261 4141 1311 4192 luit
1331 4140 1407 4205 illud,
1427 4137 1499 4207 quod

401 4212 529 4265 eiusmodi
550 4214 723 4279 temporibus,
742 4213 787 4265 ulti
808 4225 934 4267 summum
947 4215 1118 4267 barbarorum
1138 4213 1218 4264 robur
1239 4227 1287 4278 per
1306 4212 1415 4278 longum
1427 4219 1498 4262 tem-

398 4298 448 4351 pus
468 4284 646 4336 liomanorum
666 4284 729 4336 olim
755 4286 902 4350 depascens
932 4286 1071 4353 paulisper
1100 4286 1171 4350 ipsas
1190 4283 1378 4349 bysantiorum
1408 4289 1498 4350 portas

399 4353 560 4409 occluserat.
605 4354 642 4405 ita
670 4356 770 4408 inculta
798 4365 824 4408 ot
855 4357 929 4410 invia
956 4360 1063 4411 deserta
1090 4363 1165 4408 erant
1193 4354 1281 4406 osuuia
1307 4361 1381 4405 extra
1408 4360 1497 4419 portus

398 4425 468 4479 loca.
506 4426 622 4494 denique
640 4425 684 4478 dei
711 4437 775 4481 nutu
802 4428 939 4497 inopinata
967 4429 1166 4497 ac-repcntim
1188 4443 1221 4480 er
1240 4426 1356 4492 Hyrcani
1382 4423 1432 4476 lilii
1450 4439 1497 4475 ca.

380 4501 521 4571 -ptiuitata
535 4486 665 4554 Romanis
685 4498 795 4555 libertas
812 4500 883 4556 lacta
903 4510 958 4570 ert,
986 4510 1017 4566 ut
1042 4500 1163 4557 omnibus
1189 4496 1355 4555 accessibilis
1376 4503 1404 4551 et
1423 4493 1496 4551 cultu
