4000 5392
532 590 606 671 tot
656 630 658 639 ,
842 598 1065 671 αιοταιιοιιι
1096 538 1329 667 antennas

533 763 713 840 Κάλλιστος
749 762 940 851 φυγοδικίπς
971 785 1006 827 τε
1027 762 1146 827 ἐκεῖνον
1179 762 1299 827 ἀπόντα
1329 764 1569 847 καταδικάζει,
1591 767 1645 832 καὶ

508 862 584 929 “το“ν
607 863 776 949 όμιόνυμον
799 866 979 931 Κάλλιστον
1000 863 1046 940 εἷς
1065 861 1120 929 τόν
1139 867 1197 929 τοῦ
1215 863 1350 946 Συμεών
1376 864 1501 951 θρόνον
1519 869 1642 952 έκπέμ·

465 976 583 1031 ιθπιι
599 966 836 1051 χειροτονήσας.
880 962 961 1031 οὕτω
981 990 1018 1051 γε
1049 962 1113 1050 μὴν
1134 963 1254 1052 εάτυχῆ
1280 966 1336 1030 καί
1357 974 1498 1047 ταχεῖαν
1523 967 1544 1033 δ
1569 968 1640 1035 διό·

529 1090 620 1154 τερος
642 1059 732 1145 οὗτος
751 1066 807 1152 τὴν
837 1069 870 1143 ές
887 1064 1042 1134 marlae
1069 1067 1224 1136 ἐπάνοδον
1253 1066 1564 1153 ποιησάμενος,,και“
1584 1068 1638 1134 οδ-

528 1192 592 1245 τως
625 1165 718 1235 ιόνιον
751 1171 785 1233 ἐκ
818 1170 876 1232 τοῦ
906 1165 1024 1257 ῥᾴστου
1056 1164 1114 1253 τὴν
1138 1169 1195 1234 τοῦ
1219 1166 1378 1253 προτέρου
1403 1170 1659 1252 διαδεξάμενοςῑι

532 1267 755 1354 ἀρχιερατικὴν
771 1268 946 1351 καθέδραν,
968 1268 1089 1351 ἀτίμως
1110 1270 1234 1334 ἐκεῖθεν
1246 1267 1400 1349 ἐκπέμπει
1417 1265 1473 1332 τόν
1485 1270 1657 1351 Συμεών..

529 1370 585 1435 καί
607 1367 642 1447 de
664 1372 695 1446 ἐς
708 1369 885 1451 Βυζάντιον
906 1367 1146 1455 έπιδεδημηκιδς
1167 1369 1292 1455 περιῄει
1308 1367 1428 1443 πάντας
1449 1369 1636 1455 ἐπιβοώμε-

529 1491 582 1545 νος
601 1470 795 1545 ἐπισκόπους
815 1470 870 1533 καί
892 1469 1150 1554 πρεσβυτέρους,
1184 1467 1241 1553 τὴν
1262 1463 1372 1533 άδικον
1392 1462 1511 1533 ἑαυτοῦ
1532 1495 1634 1535 κατα-

531 1570 621 1654 δίκην
645 1571 863 1654 ἑκτραγαιδαλν,
885 1558 941 1635 aul
961 1564 1019 1653 τὴν
1042 1572 1195 1655 προφανῆ
1213 1571 1276 1633 τῶν
1297 1566 1558 1649 ἱερῶνκανόνιαν
1578 1569 1635 1634 καί

527 1670 634 1752 νόμων
654 1670 828 1734 κατάλυσιν
850 1671 991 1753 ἐγκαλῶν
1007 1672 1055 1755 τῳ
1077 1669 1260 1755 Καλλίστῳ.
1310 1664 1393 1731 οὕτω
1417 1670 1447 1731 δ’
1471 1669 1671 1739 ἕκπάστουιο

527 1769 687 1853 γεγονότος
708 1772 765 1834 τοῦ
786 1768 975 1855 παρανόμου
997 1771 1054 1834 καὶ
1076 1767 1204 1853 ἀνιέρου
1227 1768 1283 1834 καί
1303 1767 1456 1852 μυσαροῦ
1477 1771 1632 1855 πράγμα-

528 1892 590 1946 τος,
614 1868 687 1935 cidi
706 1872 754 1957 τῳῖ
773 1872 906 1951 βασιλεῖ
920 1871 1089 1955 τετιλχηκιν
1107 1868 1229 1954 ἀνηκόῳ
1249 1870 1362 1933 τούτου
1384 1868 1539 1953 γενέσθαι
1561 1868 1631 1934 τόδ’

462 1981 514 2032 n
531 1967 683 2055 ἀφθόγγῳ
705 1970 804 2055 πάντῃ
824 1976 933 2053 μεῖναι
944 1967 1001 2052 τὴν
1021 1968 1171 2052 γλῶτταν,
1190 1968 1258 2072 ἀλλ’
1279 1969 1314 2033 έν
1333 1968 1478 2050 θαύματι
1499 1965 1536 2033 τό
1558 1967 1631 2033 τόλ-

527 2093 620 2150 μημα
641 2071 811 2155 πεποίηται
833 2069 889 2133 καί
911 2067 1015 2144 αὐτός.
1069 2067 1125 2131 καί
1149 2066 1412 2151 ἀναλογιζόμενος
1439 2065 1529 2150 ἔλεγε
1550 2064 1633 2151 πρός

528 2163 582 2230 τόν
606 2168 808 2254 πατριάρχιμ
827 2166 876 2231 “ei
895 2168 955 2251 μὲν
968 2163 1091 2253 ἰσχυρά
1110 2165 1150 2248 τά
1162 2167 1239 2251 πρίν
1257 2161 1339 2251 ἦσαν
1360 2164 1555 2250 ἐγκλήματα,
1578 2162 1633 2230 διὰ
1642 2181 1671 2234 15

528 2268 563 2332 τί
579 2266 720 2353 ἀκηκοώς
740 2268 795 2333 οὐκ
818 2266 1006 2353 ἀπεκροάσαι
1038 2268 1119 2331 ἀλλὰ
1140 2265 1383 2351 συλλιιτουργὸν
1410 2265 1631 2351 ἐπεποιήκειςς

434 2424 441 2445 ,
529 2368 558 2431 εἰ
584 2368 618 2431 δέ
638 2362 684 2453 μὴ
707 2368 837 2455 ι’σχυρά,
865 2367 967 2437 διάτί
983 2366 1174 2452 καθαιρέσει
1196 2365 1378 2453 σπευδοόσῃ
1397 2366 1631 2452 παρέπεμψας,

519 2466 586 2531 καλ
605 2469 641 2533 τό
662 2491 699 2553 γε
720 2466 986 2555 παραλογιότατόν
1008 2490 1042 2531 τε
1064 2468 1120 2533 καί
1142 2466 1360 2545 ἀτοπώτατον,
1393 2466 1440 2552 μὴ
1463 2468 1631 2553 παρόντας

529 2566 558 2629 εἰ
578 2567 613 2631 δέ
637 2568 692 2633 καί
719 2573 889 2655 καθαιρεῖν
912 2564 1006 2632 αὐτόν
1026 2568 1117 2651 ἐνῆν,
1153 2567 1220 2630 ἀλλ’
1244 2565 1281 2630 οὗ
1300 2565 1355 2632 τόν
1376 2567 1475 2633 αὐτοῦ
1496 2568 1632 2653 κατῆγο-

528 2690 584 2752 ρον
605 2676 798 2753 χειροτονεῖν
830 2668 894 2735 ἀντ’
917 2667 1014 2733 αὐτοῦ
1036 2672 1103 2733 κατ’
1126 2666 1237 2733 ednod·
1281 2664 1303 2753 ἢ
1325 2670 1421 2752 δῆλον
1444 2666 1491 2743 ιδς
1513 2670 1673 2744 ἐκεῖνοςςο

526 2768 586 2850 μὲν
605 2772 661 2852 τῆς
682 2769 889 2855 ἑπισκοπικῆς
911 2770 1014 2855 ἀρχῆς
1033 2765 1169 2853 ἐραστὴς
1201 2764 1335 2852 γεγονός
1361 2770 1557 2853 ζηλοτυπίας
1579 2792 1632 2832 εκ-

526 2867 639 2952 γόνους
659 2872 791 2950 ψευδεῖς
812 2869 998 2955 συνέρραψο
1032 2867 1167 2944 δόλους,
1188 2865 1227 2933 σύ
1250 2870 1279 2931 δ’
1301 2866 1436 2953 ἐραστὴς
1457 2868 1515 2934 κατ’
1538 2867 1634 2944 αὐτός

529 2966 687 3045 καταστάς
706 2971 767 3033 τόν
788 2970 908 3035 ἐκείνου
940 2968 1118 3057 χρημάτων
1148 2967 1344 3052 ἀδικωτάτνμ
1365 2966 1421 3032 καί
1439 2968 1532 3051 μάλα
1558 2968 1633 3033 ἀνο-

529 3298 578 3351 τίλ.
616 3292 743 3350 Callistus
761 3294 844 3363 igitur
863 3294 939 3348 donis
958 3296 1111 3363 perductus,
1131 3295 1208 3348 ilium
1227 3296 1293 3348 iuris
1310 3302 1338 3349 et
1354 3295 1446 3347 iudicii
1468 3310 1520 3362 per
1539 3296 1632 3369 innam

529 3366 729 3421 detrectationis
755 3367 843 3434 ergnit
868 3374 894 3418 et
912 3368 1021 3419 nomine
1051 3366 1102 3419 sibi
1126 3375 1268 3435 cognatum
1293 3366 1431 3421 Callistum
1455 3382 1630 3422 succesorem

528 3438 681 3506 designavit
700 3445 726 3489 et
747 3438 773 3489 in
793 3438 935 3503 symeonis
961 3438 1083 3491 thronum
1103 3439 1184 3489 misit.
1221 3439 1311 3506 itaque
1340 3435 1390 3489 ille
1408 3437 1560 3491 fortunatus
1581 3457 1633 3492 ce.

503 3520 507 3527 ”
528 3511 623 3563 leniter
640 3510 668 3560 in
685 3508 806 3562 Alsuiam
825 3523 951 3561 reversus
975 3516 1016 3561 est
1041 3517 1068 3560 et
1091 3510 1151 3561 siue
1171 3524 1244 3562 mom
1274 3508 1455 3575 episcopalem
1474 3508 1631 3563 cstltcdrem

529 3582 668 3649 ingressus
687 3579 845 3644 Symeonem
865 3596 924 3631 cum
945 3580 1051 3632 iulamis
1072 3595 1104 3632 ea
1123 3580 1213 3632 eiecit.
1256 3580 1279 3631 is
1305 3593 1371 3631 vcro
1391 3579 1551 3644 Byzantium
1571 3592 1630 3635 sts.

528 3653 574 3704 tim
594 3665 624 3701 re
643 3650 758 3701 eontulit
778 3658 804 3702 et
824 3665 915 3703 onmes
934 3649 1080 3717 implorans
1098 3651 1164 3702 adiit
1182 3651 1324 3718 episcopos
1344 3658 1371 3701 et
1391 3651 1515 3703 seniores
1536 3660 1563 3704 et
1584 3656 1631 3706 ln.

529 3722 622 3775 iuriam
653 3722 694 3773 sni
719 3720 964 3774 condemnationem
998 3721 1159 3790 divulgavit.
1199 3723 1276 3773 etism
1298 3721 1456 3772 manifestae
1473 3732 1630 3776 sanctorum

527 3807 657 3845 canonum
679 3799 706 3842 et
724 3789 813 3858 legum
836 3792 985 3845 eversionis
1002 3792 1141 3847 Callistum
1161 3794 1291 3860 coarguit.
1329 3792 1400 3861 quod
1419 3808 1498 3861 quom
1518 3794 1556 3845 ita
1577 3811 1630 3863 pa.

527 3864 579 3916 lam
605 3863 747 3931 vulgatum·
771 3871 863 3929 esset,
891 3864 1005 3915 iniuriae
1031 3871 1058 3915 et
1087 3863 1223 3930 improbae
1254 3871 1282 3913 et
1302 3862 1474 3916 detestandae
1499 3867 1541 3916 rei
1559 3867 1629 3919 ieme

528 3936 606 3987 etiam
625 3934 658 3985 sd
677 3948 768 3999 regem
790 3934 932 4001 pertenit,
962 3935 1008 4002 qui
1030 3936 1089 4001 ipse
1113 3949 1184 3986 nnnc
1209 3933 1326 4002 linguam
1345 3948 1418 3986 suam
1439 3934 1554 4002 amplius
1572 3953 1629 3990 non

526 4007 613 4058 tenuit
631 4004 677 4056 sed
697 4004 736 4055 rei
754 4006 904 4057 temeritate
923 4019 1009 4071 paene
1035 4005 1236 4072 obstupeiectus
1261 4005 1329 4056 haec
1350 4020 1384 4057 ex
1402 4007 1490 4057 auimo
1509 4009 1629 4073 patriar.

527 4077 593 4128 ohne
612 4075 735 4141 scripsit:
764 4076 803 4127 “si
829 4090 893 4127 vera
921 4083 996 4127 erant
1023 4091 1092 4142 quac
1117 4084 1195 4128 antea
1229 4076 1416 4129 referebantur
1440 4078 1563 4142 crimine,
1579 4096 1630 4132 cur

526 4162 605 4216 quum
624 4146 744 4197 audisses
763 4160 816 4197 nou
836 4145 958 4213 repulisti
979 4162 1039 4199 enm
1055 4147 1102 4198 sed
1122 4145 1254 4215 collegam
1272 4155 1344 4198 tuum
1366 4146 1478 4199 iecisti?
1513 4151 1537 4199 si
1560 4166 1627 4202 veno

527 4218 603 4282 laisa,
624 4232 671 4269 cur
692 4224 743 4268 tam
763 4231 878 4284 propera
899 4215 1059 4283 expulsione
1077 4217 1240 4270 removisti?
1277 4225 1314 4281 et,
1334 4217 1404 4286 quod
1423 4220 1628 4272 iniustissimum

527 4297 576 4353 ost,
596 4303 684 4356 neque
702 4286 758 4341 ullo
778 4289 855 4341 modo
883 4289 1007 4340 excusari
1025 4297 1129 4355 potest,
1155 4289 1241 4355 ipsum
1258 4286 1416 4341 absentcm'i
1461 4291 1525 4357 quin
1547 4293 1628 4344 etiam

400 4356 404 4365 '
436 4358 442 4367 “
493 4396 508 4409 e
526 4360 548 4412 si
570 4357 670 4410 licebat
688 4374 747 4410 enm
759 4358 907 4426 expellere,
926 4366 1013 4411 tomen
1032 4361 1109 4412 neiss
1126 4368 1309 4412 accusatorem
1328 4361 1355 4412 in
1375 4361 1433 4411 eins
1452 4357 1541 4411 locum
1561 4378 1628 4417 snc.

527 4443 661 4482 cessorem
681 4445 785 4483 creare.
822 4429 990 4483 manilestnm
1009 4446 1086 4501 ergo,
1105 4430 1181 4489 illuns
1201 4430 1364 4498 episcopalis
1389 4431 1527 4499 dignitatis
1546 4435 1628 4500 cupi.

527 4501 596 4564 dum,
618 4516 651 4553 cn
669 4500 770 4554 invidie
788 4500 959 4556 frandulenta
977 4502 1055 4556 dolos
1074 4504 1101 4554 iu
1122 4501 1381 4555 enm-commolitum
1400 4516 1469 4554 esso.
1510 4511 1538 4557 tn
1558 4518 1627 4557 sero
