4000 5392
493 781 567 857 268
789 790 1012 857 Nrcsruonr
1046 786 1274 857 nandonis

474 955 673 1053 ⁴{lorrlopsdupr
695 955 740 1042 spi
757 952 907 1039 θειοτάτῳ
927 957 1058 1034 βασιλεῖ
1075 954 1222 1034 λέγεσθαι
1244 950 1358 1036 ἐφεξῆς
1377 940 1481 1033 ἤρετο.
1503 945 1557 1010 κατ’
1577 938 1593 1009 δ

491 1050 642 1135 βασιλεύς
661 1048 754 1133 “duni
769 1054 797 1116 d’
817 1056 848 1117 εἰ
858 1054 913 1117 καί
926 1053 1005 1135 πρὸς
1025 1047 1122 1126 ἄλλος
1137 1046 1242 1134 οἵγειν”
1256 1049 1316 1136 ἔφη
1334 1046 1410 1114 ιετδν
1422 1052 1495 1113 νοῦν
1511 1047 1594 1111 ύπο-

491 1158 599 1231 θέσεις
614 1157 697 1237 ἐνῆν,
715 1154 784 1218 α’λλ’
796 1148 852 1219 ode
865 1154 949 1234 ὑμᾶς
969 1150 1081 1236 δρῶντι
1099 1153 1351 1239 συνεληλυθότας
1371 1154 1427 1215 νῦν
1447 1152 1599 1215 inundet

492 1256 696 1337 καιριώτερον
715 1248 795 1318 εἶναι
819 1258 908 1318 δοκεῖ
928 1250 1193 1337 πολλοστημόριόν
1213 1277 1243 1315 τι
1259 1250 1333 1337 περὶ
1354 1241 1398 1315 ὧν
1422 1246 1498 1314 ἔνιοι
1520 1251 1595 1312 δια·

493 1358 656 1441 φωνσύσιν
677 1358 942 1439 ἑκκλησιαστικῶν
963 1357 1128 1437 δογμάτων
1154 1359 1273 1433 μαθεῖν
1294 1350 1373 1437 πρδς
1395 1350 1516 1432 ύμῶν.”
1541 1347 1596 1413 καί
1601 1349 1618 1402 ⁵

491 1453 553 1542 γδρ
577 1456 704 1520 α’κσύειν
724 1454 842 1542 ἔφησεν
862 1454 970 1539 ἔριδας
991 1457 1029 1518 σύ
1044 1452 1162 1537 μικρὰς
1182 1457 1343 1540 φυομένοις
1364 1448 1469 1517 ἄλλοτ’
1489 1444 1592 1527 ἄλλως

494 1560 569 1639 περί
587 1553 689 1635 τύμων
711 1562 767 1621 καί
787 1556 1006 1639 γραμμάτων,
1037 1552 1080 1619 “d
1107 1559 1366 1639 προγεγέννηνται
1396 1554 1473 1634 μέν”
1491 1575 1590 1638 φησιν

490 1648 570 1720 “orla
591 1650 651 1720 οἶδ’
675 1652 771 1736 ὅπως,
795 1652 985 1722 α’θετοῠνται
1011 1660 1046 1721 δὲ
1068 1655 1148 1738 πρὸς
1169 1659 1291 1719 πολλιδν
1314 1655 1497 1737 ἐλλογίμων,
1520 1652 1592 1717 δαι-

494 1758 602 1843 apati
631 1754 701 1820 τινδ
741 1761 903 1839 θεολογίας
937 1760 1150 1842 καινοφανσύς
1189 1757 1437 1837 ε’μπεριδχεσθαι
1468 1749 1593 1826 τούτοις

495 1853 649 1921 δεικνύειν
671 1855 813 1939 δόγματα
834 1856 922 1936 μα’λα
943 1858 1093 1941 σφοδραῖς
1124 1858 1374 1935 διατεινσμίνων.
1419 1848 1635 1935 ἑβουλὸμηνλθ

493 1961 552 2038 μὲν
586 1949 644 2022 σύν
675 1962 838 2046 παρρησίᾳ
868 1961 1019 2044 συνσδικῄ
1051 1953 1108 2036 τὴν
1130 1954 1305 2037 διόρθωσιν
1335 1951 1592 2036 διαπράξασθαι·

495 2062 557 2124 τῶν
579 2061 615 2124 dd
637 2053 831 2140 πραγμύτων
847 2058 886 2119 σύ
907 2057 1159 2140 συγχωρούντων
1179 2054 1212 2120 ἔν
1226 2080 1259 2138 γε
1281 2059 1326 2142 spi
1348 2055 1492 2137 παρόντι,
1512 2050 1595 2135 βού-

496 2164 591 2240 λομαι
612 2166 687 2243 παρ’
709 2158 799 2239 ύμῶν
822 2162 904 2241 ’γούν
924 2160 1078 2224 ἐνταυθοῖ
1105 2160 1162 2223 νύν
1183 2153 1430 2242 δπωσδηποτούν
1460 2160 1594 2237 συνελη-

496 2257 640 2324 λυθότων
664 2261 738 2342 περί
757 2257 828 2335 ἑνὸς
851 2255 1035 2325 σύτινοσούν
1057 2258 1208 2345 αδτὴκσσς
1236 2260 1411 2342 γεγονέναι.
1453 2254 1507 2322 τόν
1530 2256 1591 2340 γὰρ

495 2360 553 2437 τύς
582 2364 821 2443 θρυλλσνμδνας
854 2357 962 2443 ἔριδας
999 2359 1057 2425 καί.
1085 2364 1262 2445 διαφωνίας
1296 2359 1464 2441 α’γείρσντα
1494 2355 1636 2436 siponto

495 2464 576 2542 ἐμοῦ
608 2460 826 2544 διατριβδνεος
848 2460 890 2528 ’ἐν
919 2463 1130 2549 Θεσσαλονιλῃ
1162 2461 1373 2542 συμπέπτωκε
1394 2458 1593 2541 γεγενῆσθαι,

497 2560 540 2637 ιδς
556 2560 634 2647 μήθ’
657 2555 679 2625 α’
700 2564 782 2645 λέγει
804 2560 967 2645 γινώσκειν
988 2564 1055 2644 ἐμὲ,
1076 2560 1156 2647 μήθ’
1188 2556 1271 2635 ὅπως
1295 2559 1447 2644 α’λιγθείας
1469 2551 1489 2641 ἢ
1509 2556 1595 2639 ψεύ-

499 2663 573 2737 δους
593 2659 672 2743 ἔχει,
696 2660 730 2728 εἴ
746 2688 793 2740 τις
814 2664 952 2749 ἀκριβῶς
984 2659 1317 2745 ἐξοτιίζοινβούλοιτο.
1373 2662 1463 2725 δέδια
1486 2659 1516 2722 δ’
1537 2648 1595 2722 σύν

497 2763 541 2846 μὴ
564 2762 663 2844 κδμοί
682 2768 887 2849 προστριβειή
901 2770 999 2848 κρίμα
1020 2760 1148 2845 θεδθεν,
1172 2761 1222 2829 δτι
1240 2762 1295 2827 καί
1316 2760 1415 2835 αύτδς
1435 2764 1475 2848 τῇ
1496 2765 1596 2843 βασι-

496 2863 636 2953 λευούσῃ
667 2865 746 2940 τέως
783 2864 1023 2949 δπιδεδημηκώς
1054 2864 1086 2929 ἒν
1110 2864 1274 2947 ὑστέραις,
1299 2858 1411 2944 ἑτέρου
1439 2863 1516 2937 τέως
1537 2858 1638 2943 triow

497 2965 642 3042 ἐξουσίαν
664 2965 807 3048 ἔχοντος,
827 2958 913 3031 δκων
935 2968 1123 3050 ὑπέγραψα,
1150 2967 1298 3046 βιασθείς
1323 2965 1376 3027 ὑπ’
1399 2962 1502 3027 αύτού
1524 2957 1595 3045 (τὰς

366 3122 383 3138 ..
497 3064 559 3159 γαρ
585 3065 618 3132 ἐν
637 3069 724 3155 μέσῳ
744 3070 824 3152 σιγοῖ
844 3066 978 3150 τύχας),
1009 3069 1067 3131 σύκ
1086 3065 1169 3150 ἔχων
1189 3062 1273 3141 ὅπως
1303 3062 1344 3129 δν
1366 3062 1535 3151 δκφύγσιμι
1560 3058 1593 3126 τύ

500 3414 588 3467 missis
607 3413 641 3465 iis
660 3429 729 3482 qnae
754 3414 907 3467 uecessnria
935 3424 1012 3467 erant
1036 3415 1172 3484 Gregoras
1195 3430 1302 3483 qnoque
1333 3412 1460 3481 deinceps
1479 3413 1596 3481 rogarit,

500 3486 563 3555 qnid
582 3501 612 3538 sc
631 3494 769 3553 oporteret
794 3488 884 3539 dicere
910 3488 942 3539 ad
963 3487 1128 3539 voluntatem
1152 3488 1224 3555 regis
1244 3486 1412 3538 divinissimi.
1459 3492 1513 3537 tum
1532 3500 1595 3537 rex:

500 3557 642 3625 equidem,
665 3559 765 3625 inquit,
796 3559 845 3609 etsi
864 3559 897 3610 ad
924 3558 978 3610 alia
996 3561 1104 3626 incepta
1132 3558 1245 3609 animum
1274 3558 1416 3609 advertero
1442 3563 1595 3621 statueram,
1673 3616 1681 3633 ι

499 3637 664 3682 tamencum
693 3643 743 3680 vos
762 3644 832 3681 nunc
853 3631 958 3682 videam
976 3630 1021 3683 hic
1039 3631 1151 3693 adesse,
1177 3628 1382 3681 convenientius
1405 3626 1469 3678 mihi
1490 3628 1597 3679 uidetur

499 3708 600 3768 partem
619 3700 734 3769 aliquam
754 3688 875 3768 quamvil
898 3717 1006 3767 parvam
1026 3702 1192 3769 dogmatum,
1219 3701 1252 3752 da
1274 3698 1368 3769 quibus
1395 3698 1519 3751 nonnulli
1539 3698 1596 3751 dis.

499 3780 616 3839 ocptsnt,
637 3772 878 3823 ecclesiasticorum
901 3790 949 3839 per
969 3788 1018 3825 vos
1038 3787 1213 3841 cognoscere.
1260 3772 1357 3823 etenim
1377 3786 1407 3821 so
1428 3769 1534 3821 audisse
1553 3770 1596 3820 di.

499 3844 540 3895 xit
559 3844 769 3910 disceptationes
787 3859 841 3895 non
870 3843 946 3897 leves
971 3852 1047 3897 natas
1067 3860 1143 3906 csse,
1168 3842 1235 3894 alias
1261 3841 1341 3894 aliter
1364 3842 1397 3893 de
1416 3839 1597 3893 voluminibus

500 3921 527 3966 et
546 3914 637 3980 libris,
656 3929 725 3983 quae
743 3915 810 3966 disit
828 3917 921 3967 nescio
941 3916 1074 3983 quomodo
1094 3922 1152 3966 orta
1174 3930 1251 3977 esse,
1263 3913 1351 3977 reiici
1371 3921 1459 3964 tamen
1477 3926 1493 3963 a
1512 3910 1597 3964 doctis

499 3984 606 4049 multis,
631 3986 676 4053 qui
708 3985 787 4037 valde
821 3988 920 4038 acriter
943 3986 1138 4039 contenderent
1168 3984 1310 4037 ostendere
1341 3984 1443 4035 infirma
1469 3983 1597 4051 quaedam

499 4055 657 4125 theologiae
675 4058 801 4109 noviciae
822 4058 944 4126 dogmata
962 4058 1018 4109 illis
1045 4058 1187 4109 contineri.
1234 4053 1358 4109 volebam
1378 4056 1460 4122 igitar
1479 4054 1597 4106 coneilio

498 4127 532 4179 ad
551 4126 714 4196 colloquium
742 4137 891 4180 convocato
919 4130 1113 4181 correctionem
1141 4142 1281 4195 peregere.
1329 4126 1375 4177 scd
1403 4141 1461 4177 oum
1480 4141 1525 4178 res
1544 4138 1597 4177 non

500 4199 654 4262 conveniat,
676 4214 747 4250 nunc
767 4200 872 4267 quidem
891 4200 956 4251 volo
977 4216 1011 4252 ex
1042 4200 1135 4263 vobis,
1155 4200 1199 4267 qui
1220 4213 1378 4266 quacunque
1403 4197 1436 4249 de
1455 4211 1535 4248 eausa
1554 4196 1599 4249 hie

500 4270 615 4332 adestis,
638 4270 671 4320 de
698 4278 772 4321 certa
798 4272 908 4338 quadam
926 4287 956 4323 re
976 4274 1034 4338 ipse
1053 4272 1155 4323 andire.
1198 4282 1257 4321 unm
1287 4268 1413 4321 rulurnen
1431 4267 1509 4333 illud,
1528 4267 1600 4336 quod

500 4341 683 4409 frequentatas
709 4344 894 4394 contentiones
928 4350 955 4393 et
983 4344 1192 4410 disceptationes
1218 4342 1353 4403 continet,
1383 4339 1448 4392 mihi
1477 4355 1536 4391 cunr
1570 4339 1598 4390 ln

499 4410 691 4464 Thessalonice
709 4427 842 4477 versarer,
864 4415 978 4480 accidit,
1003 4421 1033 4464 ut
1050 4428 1139 4482 nequo
1159 4413 1222 4480 quid
1241 4411 1292 4465 sibi
1311 4409 1396 4463 vellet
1415 4410 1599 4479 intelligerem

498 4498 589 4550 nequa
608 4490 694 4533 utrum
713 4499 778 4536 vera
796 4498 830 4535 sn
850 4484 916 4536 laisa
936 4484 1078 4536 exhiberet
1096 4486 1119 4537 si
1139 4485 1197 4553 quis
1217 4490 1342 4536 accurate
1354 4488 1485 4553 quaerere
1503 4479 1606 4535 vellet„

501 4567 600 4604 vereor
619 4561 728 4618 autem,
747 4570 783 4607 na
801 4556 864 4608 mihi
883 4571 991 4624 qnoque
1010 4555 1154 4608 adhaereat
1175 4569 1262 4622 poena
1287 4554 1393 4618 diviua,
1413 4554 1476 4621 qnia
1496 4560 1524 4603 et
1541 4553 1600 4618 ipse

505 4638 564 4674 curn
582 4623 699 4676 concilio
718 4626 816 4695 hospes
836 4637 930 4695 postea
946 4628 1067 4679 edessem
1084 4626 1261 4695 aliquamdiu,
1280 4624 1334 4677 alio
1355 4625 1536 4691 praesidente,
1556 4623 1602 4675 in-

505 4693 577 4749 sitns
611 4709 710 4749 nomen
739 4698 886 4768 subscripsi
913 4699 946 4752 ab
974 4711 1007 4751 eo
1031 4707 1149 4753 coactus.
1197 4708 1265 4768 quaa
1293 4696 1362 4749 enim
1393 4697 1603 4750 intercesserunt
