<?xml version="1.0" encoding="UTF-8"?>
<!DOCTYPE html PUBLIC "-//W3C//DTD XHTML 1.0 Transitional//EN"
    "http://www.w3.org/TR/xhtml1/DTD/xhtml1-transitional.dtd">
<html xmlns="http://www.w3.org/1999/xhtml" xml:lang="en" lang="en">
 <head>
  <title>
</title>
<meta http-equiv="Content-Type" content="text/html;charset=utf-8" />
  <meta name='ocr-system' content='tesseract 3.04.00' />
  <meta name='ocr-capabilities' content='ocr_page ocr_carea ocr_par ocr_line ocrx_word'/>
</head>
<body>
  <div class='ocr_page' id='page_1' title='image "./nicephorigregor01schogoog_0377.png"; bbox 0 0 4000 5392; ppageno 0'>
   <div class='ocr_carea' id='block_1_1' title="bbox 510 517 1500 672">
    <p class='ocr_par' dir='ltr' id='par_1_1' title="bbox 510 517 1500 672">
     <span class='ocr_line' id='line_1_1' title="bbox 510 517 1500 672; baseline 0.007 -29"><span class='ocrx_word' id='word_1_1' title='bbox 510 576 733 672; x_wconf 77' lang='lat' dir='ltr'><strong>meronrsn</strong></span> <span class='ocrx_word' id='word_1_2' title='bbox 758 553 1018 645; x_wconf 77' lang='lat' dir='ltr'><strong>nmsnntnnn</strong></span> <span class='ocrx_word' id='word_1_3' title='bbox 1033 582 1140 647; x_wconf 82' lang='lat' dir='ltr'><strong>xxxi.</strong></span> <span class='ocrx_word' id='word_1_4' title='bbox 1163 517 1348 648; x_wconf 60' lang='grc' dir='ltr'><strong><em>ιιι-91.</em></strong></span> <span class='ocrx_word' id='word_1_5' title='bbox 1430 573 1500 654; x_wconf 79' lang='lat'><strong><em>361</em></strong></span> 
     </span>
    </p>
   </div>
   <div class='ocr_carea' id='block_1_2' title="bbox 341 736 1691 3047">
    <p class='ocr_par' dir='ltr' id='par_1_2' title="bbox 405 736 1503 834">
     <span class='ocr_line' id='line_1_2' title="bbox 405 736 1503 834; baseline 0.001 -23"><span class='ocrx_word' id='word_1_6' title='bbox 405 768 523 819; x_wconf 82' lang='grc' dir='ltr'><strong><em>κοντα,</em></strong></span> <span class='ocrx_word' id='word_1_7' title='bbox 546 745 680 822; x_wconf 89' lang='grc' dir='ltr'><strong><em>μένοντα</em></strong></span> <span class='ocrx_word' id='word_1_8' title='bbox 704 743 735 806; x_wconf 90' lang='grc' dir='ltr'><strong><em>δ’</em></strong></span> <span class='ocrx_word' id='word_1_9' title='bbox 757 744 791 806; x_wconf 88' lang='grc' dir='ltr'><strong><em>έν</em></strong></span> <span class='ocrx_word' id='word_1_10' title='bbox 811 745 851 830; x_wconf 77' lang='grc' dir='ltr'><strong><em>τῇ</em></strong></span> <span class='ocrx_word' id='word_1_11' title='bbox 871 736 1010 826; x_wconf 75' lang='grc' dir='ltr'><strong><em>ἓνότητι·</em></strong></span> <span class='ocrx_word' id='word_1_12' title='bbox 1053 741 1087 806; x_wconf 90' lang='grc' dir='ltr'><strong><em>τό</em></strong></span> <span class='ocrx_word' id='word_1_13' title='bbox 1123 741 1182 826; x_wconf 73' lang='grc' dir='ltr'><strong><em>γόρ</em></strong></span> <span class='ocrx_word' id='word_1_14' title='bbox 1207 747 1427 834; x_wconf 77' lang='grc' dir='ltr'><strong><em>πληθύνεσθαι</em></strong></span> <span class='ocrx_word' id='word_1_15' title='bbox 1449 744 1503 812; x_wconf 92' lang='grc' dir='ltr'><strong><em>τόν</em></strong></span> 
     </span>
    </p>

    <p class='ocr_par' dir='ltr' id='par_1_3' title="bbox 406 840 1504 929">
     <span class='ocr_line' id='line_1_3' title="bbox 406 840 1504 929; baseline -0.004 -17"><span class='ocrx_word' id='word_1_16' title='bbox 406 849 465 912; x_wconf 73' lang='grc' dir='ltr'><strong><em>ἕνα</em></strong></span> <span class='ocrx_word' id='word_1_17' title='bbox 486 842 567 909; x_wconf 89' lang='grc' dir='ltr'><strong><em>θεόν</em></strong></span> <span class='ocrx_word' id='word_1_18' title='bbox 594 853 662 918; x_wconf 75' lang='grc' dir='ltr'><strong><em>ταῖς</em></strong></span> <span class='ocrx_word' id='word_1_19' title='bbox 683 851 905 929; x_wconf 77' lang='grc' dir='ltr'><strong><em>κρονιητικαῖς</em></strong></span> <span class='ocrx_word' id='word_1_20' title='bbox 927 840 1087 924; x_wconf 88' lang='grc' dir='ltr'><strong><em>ιιροόδοις,</em></strong></span> <span class='ocrx_word' id='word_1_21' title='bbox 1105 849 1247 909; x_wconf 72' lang='grc' dir='ltr'><strong><em>τουτέστι</em></strong></span> <span class='ocrx_word' id='word_1_22' title='bbox 1270 855 1334 922; x_wconf 81' lang='grc' dir='ltr'><strong><em>τοϊς</em></strong></span> <span class='ocrx_word' id='word_1_23' title='bbox 1359 869 1393 912; x_wconf 89' lang='grc' dir='ltr'><strong><em>τε</em></strong></span> <span class='ocrx_word' id='word_1_24' title='bbox 1414 849 1504 928; x_wconf 83' lang='grc' dir='ltr'><strong><em>έγκο-</em></strong></span> 
     </span>
    </p>

    <p class='ocr_par' dir='ltr' id='par_1_4' title="bbox 406 942 1504 1030">
     <span class='ocr_line' id='line_1_4' title="bbox 406 942 1504 1030; baseline 0 -18"><span class='ocrx_word' id='word_1_25' title='bbox 406 945 513 1024; x_wconf 88' lang='grc' dir='ltr'><strong><em>σμίοις</em></strong></span> <span class='ocrx_word' id='word_1_26' title='bbox 540 942 596 1009; x_wconf 83' lang='grc' dir='ltr'><strong><em>καί</em></strong></span> <span class='ocrx_word' id='word_1_27' title='bbox 620 945 846 1027; x_wconf 84' lang='grc' dir='ltr'><strong><em>όιιερκοσμίοις</em></strong></span> <span class='ocrx_word' id='word_1_28' title='bbox 879 942 1043 1027; x_wconf 85' lang='grc' dir='ltr'><strong><em>θαόμασι,</em></strong></span> <span class='ocrx_word' id='word_1_29' title='bbox 1083 947 1281 1028; x_wconf 81' lang='grc' dir='ltr'><strong><em>διαιρεῖσθαι</em></strong></span> <span class='ocrx_word' id='word_1_30' title='bbox 1322 950 1378 1012; x_wconf 80' lang='grc' dir='ltr'><strong><em>κατ’</em></strong></span> <span class='ocrx_word' id='word_1_31' title='bbox 1410 950 1504 1030; x_wconf 80' lang='grc' dir='ltr'><strong><em>μερί-</em></strong></span> 
     </span>
    </p>

    <p class='ocr_par' dir='ltr' id='par_1_5' title="bbox 380 1044 1503 1231">
     <span class='ocr_line' id='line_1_5' title="bbox 407 1044 1503 1130; baseline -0.004 -17"><span class='ocrx_word' id='word_1_32' title='bbox 407 1049 525 1128; x_wconf 84' lang='grc' dir='ltr'><strong><em>ζεσθαί</em></strong></span> <span class='ocrx_word' id='word_1_33' title='bbox 544 1048 629 1112; x_wconf 90' lang='grc' dir='ltr'><strong><em>έστιν</em></strong></span> <span class='ocrx_word' id='word_1_34' title='bbox 648 1044 830 1127; x_wconf 75' lang='grc' dir='ltr'><strong><em>διαλόγοις,</em></strong></span> <span class='ocrx_word' id='word_1_35' title='bbox 862 1053 1105 1128; x_wconf 77' lang='grc' dir='ltr'><strong><em>συμμαρτυρεῖν</em></strong></span> <span class='ocrx_word' id='word_1_36' title='bbox 1135 1044 1302 1111; x_wconf 78' lang='grc' dir='ltr'><strong><em>κείνταῦθό</em></strong></span> <span class='ocrx_word' id='word_1_37' title='bbox 1324 1044 1354 1112; x_wconf 77' lang='grc' dir='ltr'><strong><em>οἱ</em></strong></span> <span class='ocrx_word' id='word_1_38' title='bbox 1383 1045 1503 1130; x_wconf 78' lang='grc' dir='ltr'><strong><em>ψευδό-</em></strong></span> 
     </span>
     <span class='ocr_line' id='line_1_6' title="bbox 380 1129 1502 1231; baseline 0 -21"><span class='ocrx_word' id='word_1_39' title='bbox 380 1157 501 1231; x_wconf 83' lang='grc' dir='ltr'><strong><em>5μινος</em></strong></span> <span class='ocrx_word' id='word_1_40' title='bbox 530 1145 587 1212; x_wconf 81' lang='grc' dir='ltr'><strong><em>καί</em></strong></span> <span class='ocrx_word' id='word_1_41' title='bbox 625 1150 834 1231; x_wconf 73' lang='grc' dir='ltr'><strong><em>συκοφαντῶν</em></strong></span> <span class='ocrx_word' id='word_1_42' title='bbox 865 1144 922 1211; x_wconf 87' lang='grc' dir='ltr'><strong><em>τόν</em></strong></span> <span class='ocrx_word' id='word_1_43' title='bbox 954 1129 1120 1214; x_wconf 76' lang='grc' dir='ltr'><strong><em>θεόότατον</em></strong></span> <span class='ocrx_word' id='word_1_44' title='bbox 1150 1149 1313 1227; x_wconf 74' lang='grc' dir='ltr'><strong><em>Μάξιμον.</em></strong></span> <span class='ocrx_word' id='word_1_45' title='bbox 1368 1149 1413 1225; x_wconf 79' lang='grc' dir='ltr'><strong><em>εἰς</em></strong></span> <span class='ocrx_word' id='word_1_46' title='bbox 1440 1146 1502 1231; x_wconf 72' lang='lat' dir='ltr'><strong>peip</strong></span> 
     </span>
    </p>

    <p class='ocr_par' dir='ltr' id='par_1_6' title="bbox 407 1246 1506 1336">
     <span class='ocr_line' id='line_1_7' title="bbox 407 1246 1506 1336; baseline -0.001 -21"><span class='ocrx_word' id='word_1_47' title='bbox 407 1252 515 1331; x_wconf 74' lang='grc' dir='ltr'><strong><em>ἕτερον</em></strong></span> <span class='ocrx_word' id='word_1_48' title='bbox 531 1247 591 1332; x_wconf 68' lang='grc' dir='ltr'><strong><em>τὴν</em></strong></span> <span class='ocrx_word' id='word_1_49' title='bbox 613 1249 707 1333; x_wconf 75' lang='grc' dir='ltr'><strong><em>ῥῆσιν</em></strong></span> <span class='ocrx_word' id='word_1_50' title='bbox 726 1251 899 1333; x_wconf 71' lang='grc' dir='ltr'><strong><em>μεταφέρει</em></strong></span> <span class='ocrx_word' id='word_1_51' title='bbox 924 1251 1019 1336; x_wconf 75' lang='grc' dir='ltr'><strong><em>νοῦν,</em></strong></span> <span class='ocrx_word' id='word_1_52' title='bbox 1042 1246 1244 1330; x_wconf 84' lang='grc' dir='ltr'><strong><em>κακοτρότιαις</em></strong></span> <span class='ocrx_word' id='word_1_53' title='bbox 1264 1254 1428 1331; x_wconf 77' lang='grc' dir='ltr'><strong><em>συγκυκῶν</em></strong></span> <span class='ocrx_word' id='word_1_54' title='bbox 1450 1247 1506 1314; x_wconf 80' lang='grc' dir='ltr'><strong><em>καί</em></strong></span> 
     </span>
    </p>

    <p class='ocr_par' dir='ltr' id='par_1_7' title="bbox 408 1339 1567 1431">
     <span class='ocr_line' id='line_1_8' title="bbox 408 1339 1567 1431; baseline 0 -17"><span class='ocrx_word' id='word_1_55' title='bbox 408 1347 649 1431; x_wconf 78' lang='grc' dir='ltr'><strong><em>α’ναμοχλεόων.</em></strong></span> <span class='ocrx_word' id='word_1_56' title='bbox 691 1352 767 1429; x_wconf 80' lang='grc' dir='ltr'><strong><em>ιιερί</em></strong></span> <span class='ocrx_word' id='word_1_57' title='bbox 786 1339 823 1431; x_wconf 79' lang='grc' dir='ltr'><strong><em>ἧς</em></strong></span> <span class='ocrx_word' id='word_1_58' title='bbox 852 1351 909 1413; x_wconf 86' lang='grc' dir='ltr'><strong><em>καί</em></strong></span> <span class='ocrx_word' id='word_1_59' title='bbox 931 1352 1030 1414; x_wconf 82' lang='grc' dir='ltr'><strong><em>κλείω</em></strong></span> <span class='ocrx_word' id='word_1_60' title='bbox 1062 1354 1162 1430; x_wconf 79' lang='grc' dir='ltr'><strong><em>λέγειν</em></strong></span> <span class='ocrx_word' id='word_1_61' title='bbox 1191 1347 1247 1413; x_wconf 84' lang='grc' dir='ltr'><strong><em>καό</em></strong></span> <span class='ocrx_word' id='word_1_62' title='bbox 1271 1346 1429 1428; x_wconf 72' lang='grc' dir='ltr'><strong><em>ἐξετάζειν</em></strong></span> <span class='ocrx_word' id='word_1_63' title='bbox 1450 1347 1527 1414; x_wconf 67' lang='grc' dir='ltr'><strong><em>καί</em></strong></span> <span class='ocrx_word' id='word_1_64' title='bbox 1564 1371 1567 1378; x_wconf 77' lang='grc'>’</span> 
     </span>
    </p>

    <p class='ocr_par' dir='ltr' id='par_1_8' title="bbox 409 1445 1548 1534">
     <span class='ocr_line' id='line_1_9' title="bbox 409 1445 1548 1534; baseline 0.001 -21"><span class='ocrx_word' id='word_1_65' title='bbox 409 1449 571 1514; x_wconf 73' lang='grc' dir='ltr'><strong><em>διδάσκειν</em></strong></span> <span class='ocrx_word' id='word_1_66' title='bbox 591 1449 760 1512; x_wconf 81' lang='grc' dir='ltr'><strong><em>κτόνταῦθσ</em></strong></span> <span class='ocrx_word' id='word_1_67' title='bbox 778 1446 833 1513; x_wconf 90' lang='grc' dir='ltr'><strong><em>τόν</em></strong></span> <span class='ocrx_word' id='word_1_68' title='bbox 854 1450 967 1533; x_wconf 79' lang='grc' dir='ltr'><strong><em>α’μοθῆ</em></strong></span> <span class='ocrx_word' id='word_1_69' title='bbox 979 1447 1172 1531; x_wconf 79' lang='grc' dir='ltr'><strong><em>βουλόμενος</em></strong></span> <span class='ocrx_word' id='word_1_70' title='bbox 1191 1445 1287 1533; x_wconf 71' lang='grc' dir='ltr'><strong><em>ἔγωγε</em></strong></span> <span class='ocrx_word' id='word_1_71' title='bbox 1310 1451 1505 1534; x_wconf 71' lang='grc' dir='ltr'><strong><em>προσήκοντα</em></strong></span> <span class='ocrx_word' id='word_1_72' title='bbox 1546 1493 1548 1500; x_wconf 44' lang='lat'><em>1</em></span> 
     </span>
    </p>

    <p class='ocr_par' dir='ltr' id='par_1_9' title="bbox 366 1542 1612 1736">
     <span class='ocr_line' id='line_1_10' title="bbox 405 1542 1612 1632; baseline 0 -18"><span class='ocrx_word' id='word_1_73' title='bbox 405 1554 464 1614; x_wconf 70' lang='grc' dir='ltr'><strong><em>νῦν</em></strong></span> <span class='ocrx_word' id='word_1_74' title='bbox 488 1547 543 1613; x_wconf 91' lang='grc' dir='ltr'><strong><em>τόν</em></strong></span> <span class='ocrx_word' id='word_1_75' title='bbox 564 1547 677 1632; x_wconf 90' lang='grc' dir='ltr'><strong><em>καιρόν</em></strong></span> <span class='ocrx_word' id='word_1_76' title='bbox 698 1549 768 1629; x_wconf 69' lang='grc' dir='ltr'><strong><em>οὐχ’</em></strong></span> <span class='ocrx_word' id='word_1_77' title='bbox 788 1546 872 1628; x_wconf 83' lang='grc' dir='ltr'><strong><em>όροό·</em></strong></span> <span class='ocrx_word' id='word_1_78' title='bbox 897 1542 962 1614; x_wconf 88' lang='grc' dir='ltr'><strong><em>ότε</em></strong></span> <span class='ocrx_word' id='word_1_79' title='bbox 982 1545 1042 1632; x_wconf 83' lang='grc' dir='ltr'><strong><em>γόρ</em></strong></span> <span class='ocrx_word' id='word_1_80' title='bbox 1068 1552 1130 1615; x_wconf 86' lang='grc' dir='ltr'><strong><em>τοόν</em></strong></span> <span class='ocrx_word' id='word_1_81' title='bbox 1157 1544 1262 1616; x_wconf 77' lang='grc' dir='ltr'><strong><em>ἄλλων</em></strong></span> <span class='ocrx_word' id='word_1_82' title='bbox 1292 1544 1416 1616; x_wconf 78' lang='grc' dir='ltr'><strong><em>όνωθεν</em></strong></span> <span class='ocrx_word' id='word_1_83' title='bbox 1446 1550 1507 1614; x_wconf 87' lang='grc' dir='ltr'><strong><em>α’ν-</em></strong></span> <span class='ocrx_word' id='word_1_84' title='bbox 1606 1587 1612 1596; x_wconf 87' lang='grc'>·</span> 
     </span>
     <span class='ocr_line' id='line_1_11' title="bbox 366 1644 1504 1736; baseline 0.004 -27"><span class='ocrx_word' id='word_1_85' title='bbox 366 1656 533 1717; x_wconf 77' lang='grc' dir='ltr'><strong><em>ῑθθέλκονν</em></strong></span> <span class='ocrx_word' id='word_1_86' title='bbox 554 1645 667 1731; x_wconf 82' lang='grc' dir='ltr'><strong><em>εόρμός</em></strong></span> <span class='ocrx_word' id='word_1_87' title='bbox 689 1648 745 1711; x_wconf 84' lang='grc' dir='ltr'><strong><em>σόκ</em></strong></span> <span class='ocrx_word' id='word_1_88' title='bbox 765 1651 803 1736; x_wconf 76' lang='grc' dir='ltr'><strong><em>ε’ρῖ</em></strong></span> <span class='ocrx_word' id='word_1_89' title='bbox 825 1652 1000 1731; x_wconf 73' lang='grc' dir='ltr'><strong><em>διατρίβειν</em></strong></span> <span class='ocrx_word' id='word_1_90' title='bbox 1019 1674 1079 1733; x_wconf 84' lang='grc' dir='ltr'><strong><em>με,</em></strong></span> <span class='ocrx_word' id='word_1_91' title='bbox 1102 1656 1158 1716; x_wconf 79' lang='grc' dir='ltr'><strong><em>καί</em></strong></span> <span class='ocrx_word' id='word_1_92' title='bbox 1180 1644 1249 1732; x_wconf 72' lang='grc' dir='ltr'><strong><em>ἅμα</em></strong></span> <span class='ocrx_word' id='word_1_93' title='bbox 1269 1647 1349 1734; x_wconf 88' lang='grc' dir='ltr'><strong><em>τερός</em></strong></span> <span class='ocrx_word' id='word_1_94' title='bbox 1372 1645 1504 1734; x_wconf 74' lang='grc' dir='ltr'><strong><em>ἄτεχνόν</em></strong></span> 
     </span>
    </p>

    <p class='ocr_par' dir='ltr' id='par_1_10' title="bbox 408 1745 1505 1840">
     <span class='ocr_line' id='line_1_12' title="bbox 408 1745 1505 1840; baseline -0.002 -22"><span class='ocrx_word' id='word_1_95' title='bbox 408 1776 443 1818; x_wconf 90' lang='grc' dir='ltr'><strong><em>τε</em></strong></span> <span class='ocrx_word' id='word_1_96' title='bbox 465 1755 519 1815; x_wconf 82' lang='grc' dir='ltr'><strong><em>καί</em></strong></span> <span class='ocrx_word' id='word_1_97' title='bbox 539 1750 726 1834; x_wconf 79' lang='grc' dir='ltr'><strong><em>κακότεχνσν</em></strong></span> <span class='ocrx_word' id='word_1_98' title='bbox 747 1746 861 1835; x_wconf 63' lang='grc' dir='ltr'><strong><em>ψυχήν</em></strong></span> <span class='ocrx_word' id='word_1_99' title='bbox 883 1750 941 1812; x_wconf 78' lang='lat' dir='ltr'><strong>oo&#39;x</strong></span> <span class='ocrx_word' id='word_1_100' title='bbox 954 1753 1086 1815; x_wconf 78' lang='grc' dir='ltr'><strong><em>εἰσιέναι</em></strong></span> <span class='ocrx_word' id='word_1_101' title='bbox 1099 1749 1217 1818; x_wconf 70' lang='grc' dir='ltr'><strong><em>δύναιτ’</em></strong></span> <span class='ocrx_word' id='word_1_102' title='bbox 1236 1746 1276 1816; x_wconf 84' lang='grc' dir='ltr'><strong><em>όν</em></strong></span> <span class='ocrx_word' id='word_1_103' title='bbox 1292 1751 1413 1840; x_wconf 70' lang='grc' dir='ltr'><strong><em>ῥᾳδίοις</em></strong></span> <span class='ocrx_word' id='word_1_104' title='bbox 1430 1745 1505 1816; x_wconf 71' lang='grc' dir='ltr'><strong><em>οὔτε</em></strong></span> 
     </span>
    </p>

    <p class='ocr_par' dir='ltr' id='par_1_11' title="bbox 407 1841 1621 1944">
     <span class='ocr_line' id='line_1_13' title="bbox 407 1841 1621 1944; baseline 0.003 -30"><span class='ocrx_word' id='word_1_105' title='bbox 407 1841 483 1935; x_wconf 71' lang='grc' dir='ltr'><strong><em>γοῦν</em></strong></span> <span class='ocrx_word' id='word_1_106' title='bbox 504 1846 613 1935; x_wconf 75' lang='grc' dir='ltr'><strong><em>βραχύ</em></strong></span> <span class='ocrx_word' id='word_1_107' title='bbox 635 1851 667 1914; x_wconf 78' lang='grc' dir='ltr'><strong><em>τι</em></strong></span> <span class='ocrx_word' id='word_1_108' title='bbox 698 1853 760 1914; x_wconf 74' lang='grc' dir='ltr'><strong><em>τοῖν</em></strong></span> <span class='ocrx_word' id='word_1_109' title='bbox 780 1852 918 1932; x_wconf 76' lang='grc' dir='ltr'><strong><em>είλόγιον</em></strong></span> <span class='ocrx_word' id='word_1_110' title='bbox 939 1855 1035 1935; x_wconf 80' lang='grc' dir='ltr'><strong><em>μέρος</em></strong></span> <span class='ocrx_word' id='word_1_111' title='bbox 1068 1845 1142 1918; x_wconf 78' lang='grc' dir='ltr'><strong><em>οὔτε</em></strong></span> <span class='ocrx_word' id='word_1_112' title='bbox 1170 1855 1236 1938; x_wconf 76' lang='grc' dir='ltr'><strong><em>μὴν</em></strong></span> <span class='ocrx_word' id='word_1_113' title='bbox 1256 1855 1290 1918; x_wconf 86' lang='grc' dir='ltr'><strong><em>έν</em></strong></span> <span class='ocrx_word' id='word_1_114' title='bbox 1308 1851 1503 1944; x_wconf 79' lang='grc' dir='ltr'><strong><em>βραχυτότῳ</em></strong></span> <span class='ocrx_word' id='word_1_115' title='bbox 1513 1866 1532 1921; x_wconf 88' lang='lat' dir='ltr'><strong><em>t.</em></strong></span> <span class='ocrx_word' id='word_1_116' title='bbox 1541 1847 1591 1920; x_wconf 82' lang='lat' dir='ltr'><strong><em>stt</em></strong></span> <span class='ocrx_word' id='word_1_117' title='bbox 1598 1881 1621 1918; x_wconf 91' lang='lat' dir='ltr'><strong><em>r.</em></strong></span> 
     </span>
    </p>

    <p class='ocr_par' dir='ltr' id='par_1_12' title="bbox 407 1943 1691 2033">
     <span class='ocr_line' id='line_1_14' title="bbox 407 1943 1691 2033; baseline 0 -18"><span class='ocrx_word' id='word_1_118' title='bbox 407 1950 499 2033; x_wconf 88' lang='grc' dir='ltr'><strong><em>μέρει</em></strong></span> <span class='ocrx_word' id='word_1_119' title='bbox 519 1948 649 2032; x_wconf 86' lang='grc' dir='ltr'><strong><em>χρόνου.</em></strong></span> <span class='ocrx_word' id='word_1_120' title='bbox 1684 1943 1691 1962; x_wconf 30' lang='grc' dir='ltr'><strong>Χ</strong></span> 
     </span>
    </p>

    <p class='ocr_par' dir='ltr' id='par_1_13' title="bbox 341 2045 1629 2134">
     <span class='ocr_line' id='line_1_15' title="bbox 341 2045 1629 2134; baseline 0.005 -19"><span class='ocrx_word' id='word_1_121' title='bbox 341 2050 344 2054; x_wconf 68' lang='grc'><strong>’</strong></span> <span class='ocrx_word' id='word_1_122' title='bbox 498 2045 606 2130; x_wconf 84' lang='grc' dir='ltr'><strong><em>Ὅμως</em></strong></span> <span class='ocrx_word' id='word_1_123' title='bbox 635 2050 673 2116; x_wconf 75' lang='grc' dir='ltr'><strong><em>ἵν’</em></strong></span> <span class='ocrx_word' id='word_1_124' title='bbox 705 2054 827 2117; x_wconf 71' lang='grc' dir='ltr'><strong><em>ἐκεῖθεν</em></strong></span> <span class='ocrx_word' id='word_1_125' title='bbox 860 2052 1071 2134; x_wconf 75' lang='grc' dir='ltr'><strong><em>ἀναλάβωμεν</em></strong></span> <span class='ocrx_word' id='word_1_126' title='bbox 1107 2051 1288 2131; x_wconf 72' lang='grc' dir='ltr'><strong><em>ἐπανιόντες</em></strong></span> <span class='ocrx_word' id='word_1_127' title='bbox 1318 2050 1415 2132; x_wconf 70' lang='grc' dir='ltr'><strong><em>αὖθις</em></strong></span> <span class='ocrx_word' id='word_1_128' title='bbox 1450 2053 1577 2123; x_wconf 48' lang='grc' dir='ltr'><strong><em>τόυΙΙἸ</em></strong></span> <span class='ocrx_word' id='word_1_129' title='bbox 1624 2105 1629 2112; x_wconf 87' lang='grc'>-</span> 
     </span>
    </p>

    <p class='ocr_par' dir='ltr' id='par_1_14' title="bbox 365 2149 1506 2240">
     <span class='ocr_line' id='line_1_16' title="bbox 365 2149 1506 2240; baseline 0.004 -24"><span class='ocrx_word' id='word_1_130' title='bbox 365 2152 518 2235; x_wconf 78' lang='grc' dir='ltr'><strong><em>15λόγον,</em></strong></span> <span class='ocrx_word' id='word_1_131' title='bbox 539 2157 594 2216; x_wconf 81' lang='grc' dir='ltr'><strong><em>κατ’</em></strong></span> <span class='ocrx_word' id='word_1_132' title='bbox 623 2156 686 2216; x_wconf 87' lang='grc' dir='ltr'><strong><em>τοόν</em></strong></span> <span class='ocrx_word' id='word_1_133' title='bbox 714 2152 843 2233; x_wconf 82' lang='grc' dir='ltr'><strong><em>α’τόμων</em></strong></span> <span class='ocrx_word' id='word_1_134' title='bbox 864 2155 982 2219; x_wconf 82' lang='grc' dir='ltr'><strong><em>ου’σιοόν</em></strong></span> <span class='ocrx_word' id='word_1_135' title='bbox 1012 2149 1129 2239; x_wconf 79' lang='grc' dir='ltr'><strong><em>όκόστη</em></strong></span> <span class='ocrx_word' id='word_1_136' title='bbox 1158 2161 1219 2235; x_wconf 89' lang='grc' dir='ltr'><strong><em>μία</em></strong></span> <span class='ocrx_word' id='word_1_137' title='bbox 1243 2161 1299 2222; x_wconf 78' lang='grc' dir='ltr'><strong><em>κατ’</em></strong></span> <span class='ocrx_word' id='word_1_138' title='bbox 1320 2154 1429 2240; x_wconf 76' lang='grc' dir='ltr'><strong><em>αριότη</em></strong></span> <span class='ocrx_word' id='word_1_139' title='bbox 1450 2159 1506 2220; x_wconf 84' lang='grc' dir='ltr'><strong><em>καί</em></strong></span> 
     </span>
    </p>

    <p class='ocr_par' dir='ltr' id='par_1_15' title="bbox 407 2250 1546 2345">
     <span class='ocr_line' id='line_1_17' title="bbox 407 2250 1546 2345; baseline 0.004 -28"><span class='ocrx_word' id='word_1_140' title='bbox 407 2250 587 2345; x_wconf 72' lang='grc' dir='ltr'><strong><em>ἀδιαίρετός</em></strong></span> <span class='ocrx_word' id='word_1_141' title='bbox 608 2255 688 2330; x_wconf 77' lang='grc' dir='ltr'><strong><em>ἐστι’,</em></strong></span> <span class='ocrx_word' id='word_1_142' title='bbox 709 2256 763 2317; x_wconf 85' lang='grc' dir='ltr'><strong><em>καί</em></strong></span> <span class='ocrx_word' id='word_1_143' title='bbox 779 2256 848 2318; x_wconf 85' lang='grc' dir='ltr'><strong><em>κατ’</em></strong></span> <span class='ocrx_word' id='word_1_144' title='bbox 868 2256 945 2318; x_wconf 80' lang='grc' dir='ltr'><strong><em>αι’τό</em></strong></span> <span class='ocrx_word' id='word_1_145' title='bbox 960 2278 996 2337; x_wconf 79' lang='lat' dir='ltr'><strong><em>ys</em></strong></span> <span class='ocrx_word' id='word_1_146' title='bbox 1011 2258 1106 2320; x_wconf 77' lang='grc' dir='ltr'><strong><em>τοῦτο</em></strong></span> <span class='ocrx_word' id='word_1_147' title='bbox 1122 2256 1178 2321; x_wconf 80' lang='grc' dir='ltr'><strong><em>καί</em></strong></span> <span class='ocrx_word' id='word_1_148' title='bbox 1197 2257 1327 2341; x_wconf 71' lang='grc' dir='ltr'><strong><em>δμερῆς.</em></strong></span> <span class='ocrx_word' id='word_1_149' title='bbox 1349 2250 1421 2321; x_wconf 80' lang='grc' dir='ltr'><strong><em>οότι</em></strong></span> <span class='ocrx_word' id='word_1_150' title='bbox 1442 2254 1502 2340; x_wconf 80' lang='grc' dir='ltr'><strong><em>γόρ</em></strong></span> <span class='ocrx_word' id='word_1_151' title='bbox 1543 2277 1546 2280; x_wconf 86' lang='grc'><em>·</em></span> 
     </span>
    </p>

    <p class='ocr_par' dir='ltr' id='par_1_16' title="bbox 407 2345 1503 2442">
     <span class='ocr_line' id='line_1_18' title="bbox 407 2345 1503 2442; baseline 0.005 -26"><span class='ocrx_word' id='word_1_152' title='bbox 407 2351 486 2418; x_wconf 80' lang='grc' dir='ltr'><strong><em>εἴδει</em></strong></span> <span class='ocrx_word' id='word_1_153' title='bbox 509 2345 581 2417; x_wconf 84' lang='grc' dir='ltr'><strong><em>σότι</em></strong></span> <span class='ocrx_word' id='word_1_154' title='bbox 604 2347 734 2442; x_wconf 71' lang='grc' dir='ltr'><strong><em>ἀριθμῷ</em></strong></span> <span class='ocrx_word' id='word_1_155' title='bbox 756 2349 838 2420; x_wconf 79' lang='grc' dir='ltr'><strong><em>εἶναι</em></strong></span> <span class='ocrx_word' id='word_1_156' title='bbox 860 2357 936 2420; x_wconf 88' lang='grc' dir='ltr'><strong><em>καθ’</em></strong></span> <span class='ocrx_word' id='word_1_157' title='bbox 967 2350 1066 2438; x_wconf 57' lang='lat' dir='ltr'><strong>eorde</strong></span> <span class='ocrx_word' id='word_1_158' title='bbox 1093 2355 1327 2442; x_wconf 72' lang='grc' dir='ltr'><strong><em>μεμαθήκαμεν</em></strong></span> <span class='ocrx_word' id='word_1_159' title='bbox 1349 2361 1503 2438; x_wconf 85' lang='grc' dir='ltr'><strong><em>ου’δεμίαν</em></strong></span> 
     </span>
    </p>

    <p class='ocr_par' dir='ltr' id='par_1_17' title="bbox 407 2450 1501 2543">
     <span class='ocr_line' id='line_1_19' title="bbox 407 2450 1501 2543; baseline 0.005 -26"><span class='ocrx_word' id='word_1_160' title='bbox 407 2451 536 2518; x_wconf 64' lang='lat' dir='ltr'><strong>adrev·</strong></span> <span class='ocrx_word' id='word_1_161' title='bbox 562 2450 690 2537; x_wconf 76' lang='grc' dir='ltr'><strong><em>διόγόρ</em></strong></span> <span class='ocrx_word' id='word_1_162' title='bbox 704 2459 800 2520; x_wconf 80' lang='grc' dir='ltr'><strong><em>τοῦτο</em></strong></span> <span class='ocrx_word' id='word_1_163' title='bbox 822 2460 878 2520; x_wconf 77' lang='grc' dir='ltr'><strong><em>κατ’</em></strong></span> <span class='ocrx_word' id='word_1_164' title='bbox 900 2458 1040 2537; x_wconf 83' lang='grc' dir='ltr'><strong><em>α’τόμους</em></strong></span> <span class='ocrx_word' id='word_1_165' title='bbox 1062 2457 1174 2534; x_wconf 82' lang='grc' dir='ltr'><strong><em>ου’σίας</em></strong></span> <span class='ocrx_word' id='word_1_166' title='bbox 1195 2465 1301 2543; x_wconf 76' lang='grc' dir='ltr'><strong><em>φαμέν</em></strong></span> <span class='ocrx_word' id='word_1_167' title='bbox 1315 2455 1353 2524; x_wconf 84' lang='grc' dir='ltr'><strong><em>τό</em></strong></span> <span class='ocrx_word' id='word_1_168' title='bbox 1377 2456 1501 2524; x_wconf 75' lang='grc' dir='ltr'><strong><em>τοιάδε·</em></strong></span> 
     </span>
    </p>

    <p class='ocr_par' dir='ltr' id='par_1_18' title="bbox 362 2548 1517 2743">
     <span class='ocr_line' id='line_1_20' title="bbox 407 2548 1502 2647; baseline 0.005 -29"><span class='ocrx_word' id='word_1_169' title='bbox 407 2553 476 2618; x_wconf 72' lang='grc' dir='ltr'><strong><em>ἀλλ’</em></strong></span> <span class='ocrx_word' id='word_1_170' title='bbox 505 2551 672 2630; x_wconf 86' lang='grc' dir='ltr'><strong><em>ου’σιιόδεις</em></strong></span> <span class='ocrx_word' id='word_1_171' title='bbox 703 2548 789 2634; x_wconf 85' lang='grc' dir='ltr'><strong><em>όμιος</em></strong></span> <span class='ocrx_word' id='word_1_172' title='bbox 812 2552 924 2638; x_wconf 82' lang='grc' dir='ltr'><strong><em>ἔχουσι</em></strong></span> <span class='ocrx_word' id='word_1_173' title='bbox 955 2555 1118 2642; x_wconf 83' lang='grc' dir='ltr'><strong><em>διαφυρός</em></strong></span> <span class='ocrx_word' id='word_1_174' title='bbox 1150 2560 1184 2622; x_wconf 85' lang='grc' dir='ltr'><strong><em>έν</em></strong></span> <span class='ocrx_word' id='word_1_175' title='bbox 1214 2560 1258 2646; x_wconf 75' lang='grc' dir='ltr'><strong><em>τῷ</em></strong></span> <span class='ocrx_word' id='word_1_176' title='bbox 1293 2559 1395 2647; x_wconf 80' lang='grc' dir='ltr'><strong><em>οἰκείῳ</em></strong></span> <span class='ocrx_word' id='word_1_177' title='bbox 1425 2553 1502 2646; x_wconf 79' lang='grc' dir='ltr'><strong><em>όριρ.</em></strong></span> 
     </span>
     <span class='ocr_line' id='line_1_21' title="bbox 362 2647 1517 2743; baseline 0.006 -25"><span class='ocrx_word' id='word_1_178' title='bbox 362 2655 483 2726; x_wconf 68' lang='grc' dir='ltr'><strong><em>σοοίδδ</em></strong></span> <span class='ocrx_word' id='word_1_179' title='bbox 502 2651 564 2737; x_wconf 80' lang='grc' dir='ltr'><strong><em>γόρ</em></strong></span> <span class='ocrx_word' id='word_1_180' title='bbox 577 2653 673 2718; x_wconf 79' lang='grc' dir='ltr'><strong><em>ου’δέν</em></strong></span> <span class='ocrx_word' id='word_1_181' title='bbox 686 2647 760 2720; x_wconf 82' lang='grc' dir='ltr'><strong><em>οότε</em></strong></span> <span class='ocrx_word' id='word_1_182' title='bbox 780 2657 843 2719; x_wconf 76' lang='grc' dir='ltr'><strong><em>τῶν</em></strong></span> <span class='ocrx_word' id='word_1_183' title='bbox 855 2651 1048 2738; x_wconf 78' lang='grc' dir='ltr'><strong><em>ὁριζομένων</em></strong></span> <span class='ocrx_word' id='word_1_184' title='bbox 1064 2651 1135 2722; x_wconf 81' lang='grc' dir='ltr'><strong><em>οότι</em></strong></span> <span class='ocrx_word' id='word_1_185' title='bbox 1151 2660 1213 2722; x_wconf 71' lang='grc' dir='ltr'><strong><em>τοῖν</em></strong></span> <span class='ocrx_word' id='word_1_186' title='bbox 1233 2661 1466 2740; x_wconf 87' lang='grc' dir='ltr'><strong><em>διαιρουμένων</em></strong></span> <span class='ocrx_word' id='word_1_187' title='bbox 1484 2655 1517 2743; x_wconf 81' lang='grc' dir='ltr'><em>ἢ</em></span> 
     </span>
    </p>

    <p class='ocr_par' dir='ltr' id='par_1_19' title="bbox 405 2751 1571 2842">
     <span class='ocr_line' id='line_1_22' title="bbox 405 2751 1571 2842; baseline 0.006 -24"><span class='ocrx_word' id='word_1_188' title='bbox 405 2757 619 2838; x_wconf 87' lang='grc' dir='ltr'><strong><em>μεριζομένων</em></strong></span> <span class='ocrx_word' id='word_1_189' title='bbox 639 2753 695 2838; x_wconf 73' lang='grc' dir='ltr'><strong><em>ὑφ’</em></strong></span> <span class='ocrx_word' id='word_1_190' title='bbox 709 2753 789 2820; x_wconf 83' lang='grc' dir='ltr'><strong><em>αότό</em></strong></span> <span class='ocrx_word' id='word_1_191' title='bbox 806 2751 864 2833; x_wconf 86' lang='grc' dir='ltr'><strong><em>τός</em></strong></span> <span class='ocrx_word' id='word_1_192' title='bbox 876 2759 1044 2833; x_wconf 79' lang='grc' dir='ltr'><strong><em>ου’σιοόδεις</em></strong></span> <span class='ocrx_word' id='word_1_193' title='bbox 1057 2757 1123 2842; x_wconf 82' lang='grc' dir='ltr'><strong><em>ἔχει</em></strong></span> <span class='ocrx_word' id='word_1_194' title='bbox 1144 2756 1315 2842; x_wconf 83' lang='grc' dir='ltr'><strong><em>διαρορός,</em></strong></span> <span class='ocrx_word' id='word_1_195' title='bbox 1334 2758 1404 2840; x_wconf 78' lang='lat' dir='ltr'><strong>e‘ii&#39;</strong></span> <span class='ocrx_word' id='word_1_196' title='bbox 1419 2753 1506 2826; x_wconf 78' lang='grc' dir='ltr'><strong><em>ἅνω-</em></strong></span> <span class='ocrx_word' id='word_1_197' title='bbox 1569 2751 1571 2758; x_wconf 42' lang='lat'><strong><em>⁴</em></strong></span> 
     </span>
    </p>

    <p class='ocr_par' dir='ltr' id='par_1_20' title="bbox 405 2852 1505 2944">
     <span class='ocr_line' id='line_1_23' title="bbox 405 2852 1505 2944; baseline 0.006 -24"><span class='ocrx_word' id='word_1_198' title='bbox 405 2862 463 2920; x_wconf 91' lang='grc' dir='ltr'><strong><em>θεν</em></strong></span> <span class='ocrx_word' id='word_1_199' title='bbox 485 2852 635 2920; x_wconf 85' lang='grc' dir='ltr'><strong><em>κατιόντα</em></strong></span> <span class='ocrx_word' id='word_1_200' title='bbox 660 2860 786 2940; x_wconf 86' lang='grc' dir='ltr'><strong><em>δέχεται</em></strong></span> <span class='ocrx_word' id='word_1_201' title='bbox 801 2858 858 2921; x_wconf 85' lang='grc' dir='ltr'><strong><em>τόν</em></strong></span> <span class='ocrx_word' id='word_1_202' title='bbox 872 2862 1062 2924; x_wconf 86' lang='grc' dir='ltr'><strong><em>συντιθέντα</em></strong></span> <span class='ocrx_word' id='word_1_203' title='bbox 1083 2859 1224 2943; x_wconf 81' lang='grc' dir='ltr'><strong><em>ὁρισμόν,</em></strong></span> <span class='ocrx_word' id='word_1_204' title='bbox 1245 2865 1280 2926; x_wconf 78' lang='grc' dir='ltr'><strong><em>ἐκ</em></strong></span> <span class='ocrx_word' id='word_1_205' title='bbox 1301 2862 1411 2944; x_wconf 65' lang='grc' dir='ltr'><strong><em>γένους</em></strong></span> <span class='ocrx_word' id='word_1_206' title='bbox 1429 2854 1505 2927; x_wconf 73' lang='grc' dir='ltr'><strong><em>ὄντα</em></strong></span> 
     </span>
    </p>

    <p class='ocr_par' dir='ltr' id='par_1_21' title="bbox 406 2954 1505 3047">
     <span class='ocr_line' id='line_1_24' title="bbox 406 2954 1505 3047; baseline 0.006 -28"><span class='ocrx_word' id='word_1_207' title='bbox 406 2954 460 3020; x_wconf 87' lang='grc' dir='ltr'><strong><em>καό</em></strong></span> <span class='ocrx_word' id='word_1_208' title='bbox 477 2959 675 3024; x_wconf 74' lang='grc' dir='ltr'><strong><em>συστατικῶν</em></strong></span> <span class='ocrx_word' id='word_1_209' title='bbox 698 2959 878 3044; x_wconf 78' lang='grc' dir='ltr'><strong><em>διαφορῶν·</em></strong></span> <span class='ocrx_word' id='word_1_210' title='bbox 921 2957 1101 3043; x_wconf 71' lang='grc' dir='ltr'><strong><em>ὁριζόμενοι</em></strong></span> <span class='ocrx_word' id='word_1_211' title='bbox 1114 2959 1175 3046; x_wconf 75' lang='grc' dir='ltr'><strong><em>γὰρ</em></strong></span> <span class='ocrx_word' id='word_1_212' title='bbox 1199 2956 1256 3026; x_wconf 89' lang='grc' dir='ltr'><strong><em>τόν</em></strong></span> <span class='ocrx_word' id='word_1_213' title='bbox 1276 2955 1446 3047; x_wconf 88' lang='grc' dir='ltr'><strong><em>όυθρωιιυν</em></strong></span> <span class='ocrx_word' id='word_1_214' title='bbox 1468 2961 1505 3026; x_wconf 87' lang='grc' dir='ltr'><strong><em>ου’</em></strong></span> 
     </span>
    </p>
   </div>
   <div class='ocr_carea' id='block_1_3' title="bbox 325 3251 1554 3892">
    <p class='ocr_par' dir='ltr' id='par_1_22' title="bbox 325 3251 1554 3892">
     <span class='ocr_line' id='line_1_25' title="bbox 407 3251 1504 3323; baseline 0.002 -16"><span class='ocrx_word' id='word_1_215' title='bbox 407 3253 532 3323; x_wconf 77' lang='grc' dir='ltr'><strong><em>ριειίισοι</em></strong></span> <span class='ocrx_word' id='word_1_216' title='bbox 550 3269 630 3307; x_wconf 85' lang='grc' dir='ltr'><strong><em>ιιιιιιιο</em></strong></span> <span class='ocrx_word' id='word_1_217' title='bbox 648 3259 679 3305; x_wconf 89' lang='lat' dir='ltr'><strong><em>nt</em></strong></span> <span class='ocrx_word' id='word_1_218' title='bbox 706 3251 791 3306; x_wconf 84' lang='lat' dir='ltr'><strong>soient</strong></span> <span class='ocrx_word' id='word_1_219' title='bbox 818 3253 916 3308; x_wconf 87' lang='lat' dir='ltr'><strong>mnitos</strong></span> <span class='ocrx_word' id='word_1_220' title='bbox 938 3255 1027 3308; x_wconf 84' lang='lat' dir='ltr'><strong>redies</strong></span> <span class='ocrx_word' id='word_1_221' title='bbox 1056 3256 1235 3320; x_wconf 82' lang='lat' dir='ltr'><strong>emittentem,</strong></span> <span class='ocrx_word' id='word_1_222' title='bbox 1259 3261 1409 3308; x_wconf 72' lang='lat' dir='ltr'><strong>monentem</strong></span> <span class='ocrx_word' id='word_1_223' title='bbox 1437 3270 1504 3309; x_wconf 77' lang='lat' dir='ltr'><strong>vern</strong></span> 
     </span>
     <span class='ocr_line' id='line_1_26' title="bbox 406 3324 1503 3399; baseline -0.003 -21"><span class='ocrx_word' id='word_1_224' title='bbox 406 3328 435 3378; x_wconf 86' lang='lat' dir='ltr'><strong><em>in</em></strong></span> <span class='ocrx_word' id='word_1_225' title='bbox 454 3325 566 3399; x_wconf 77' lang='lat' dir='ltr'><strong>onitate.</strong></span> <span class='ocrx_word' id='word_1_226' title='bbox 604 3324 735 3393; x_wconf 82' lang='lat' dir='ltr'><strong>plussiem</strong></span> <span class='ocrx_word' id='word_1_227' title='bbox 755 3340 816 3377; x_wconf 89' lang='lat' dir='ltr'><strong>esse</strong></span> <span class='ocrx_word' id='word_1_228' title='bbox 834 3326 911 3379; x_wconf 88' lang='lat' dir='ltr'><strong>deum</strong></span> <span class='ocrx_word' id='word_1_229' title='bbox 929 3327 1111 3396; x_wconf 76' lang='lat' dir='ltr'><strong>prseeognitis</strong></span> <span class='ocrx_word' id='word_1_230' title='bbox 1134 3326 1291 3390; x_wconf 70' lang='lat' dir='ltr'>eventibus,</span> <span class='ocrx_word' id='word_1_231' title='bbox 1310 3325 1362 3378; x_wconf 86' lang='lat' dir='ltr'><strong>hoe</strong></span> <span class='ocrx_word' id='word_1_232' title='bbox 1382 3333 1432 3389; x_wconf 89' lang='lat' dir='ltr'><strong>est,</strong></span> <span class='ocrx_word' id='word_1_233' title='bbox 1451 3342 1503 3379; x_wconf 87' lang='lat' dir='ltr'><strong><em>ns.</em></strong></span> 
     </span>
     <span class='ocr_line' id='line_1_27' title="bbox 406 3395 1503 3465; baseline -0.002 -17"><span class='ocrx_word' id='word_1_234' title='bbox 406 3397 536 3449; x_wconf 85' lang='lat' dir='ltr'><strong>tomiibns</strong></span> <span class='ocrx_word' id='word_1_235' title='bbox 556 3404 584 3448; x_wconf 87' lang='lat' dir='ltr'><strong>et</strong></span> <span class='ocrx_word' id='word_1_236' title='bbox 603 3395 850 3465; x_wconf 85' lang='lat' dir='ltr'><strong>snpemstnrsiibus</strong></span> <span class='ocrx_word' id='word_1_237' title='bbox 868 3398 1021 3461; x_wconf 87' lang='lat' dir='ltr'><strong>mirseuiis;</strong></span> <span class='ocrx_word' id='word_1_238' title='bbox 1049 3398 1145 3449; x_wconf 83' lang='lat' dir='ltr'><strong>divisio</strong></span> <span class='ocrx_word' id='word_1_239' title='bbox 1166 3405 1193 3448; x_wconf 90' lang='lat' dir='ltr'><strong>et</strong></span> <span class='ocrx_word' id='word_1_240' title='bbox 1222 3397 1330 3464; x_wconf 80' lang='lat' dir='ltr'><strong>pertitio</strong></span> <span class='ocrx_word' id='word_1_241' title='bbox 1351 3403 1393 3448; x_wconf 89' lang='lat' dir='ltr'><strong>est</strong></span> <span class='ocrx_word' id='word_1_242' title='bbox 1410 3397 1444 3448; x_wconf 86' lang='lat' dir='ltr'><strong><em>nd</em></strong></span> <span class='ocrx_word' id='word_1_243' title='bbox 1462 3398 1503 3450; x_wconf 91' lang='lat' dir='ltr'><strong><em>si.</em></strong></span> 
     </span>
     <span class='ocr_line' id='line_1_28' title="bbox 406 3465 1501 3521; baseline 0 -2"><span class='ocrx_word' id='word_1_244' title='bbox 406 3467 592 3520; x_wconf 77' lang='lat' dir='ltr'><strong>militudinem.</strong></span> <span class='ocrx_word' id='word_1_245' title='bbox 636 3470 748 3520; x_wconf 72' lang='lat' dir='ltr'><strong>assentit</strong></span> <span class='ocrx_word' id='word_1_246' title='bbox 774 3467 957 3521; x_wconf 81' lang='lat' dir='ltr'><strong>irsndulentns</strong></span> <span class='ocrx_word' id='word_1_247' title='bbox 981 3467 1030 3519; x_wconf 90' lang='lat' dir='ltr'><strong>iiio</strong></span> <span class='ocrx_word' id='word_1_248' title='bbox 1059 3474 1085 3518; x_wconf 89' lang='lat' dir='ltr'><strong>et</strong></span> <span class='ocrx_word' id='word_1_249' title='bbox 1110 3469 1141 3520; x_wconf 82' lang='grc' dir='ltr'><strong><em>Ι).</em></strong></span> <span class='ocrx_word' id='word_1_250' title='bbox 1162 3468 1300 3521; x_wconf 72' lang='lat' dir='ltr'><strong>niaximum</strong></span> <span class='ocrx_word' id='word_1_251' title='bbox 1327 3465 1501 3520; x_wconf 83' lang='lat' dir='ltr'><strong>eeinmnisns.</strong></span> 
     </span>
     <span class='ocr_line' id='line_1_29' title="bbox 407 3537 1503 3607; baseline -0.004 -17"><span class='ocrx_word' id='word_1_252' title='bbox 407 3539 554 3591; x_wconf 87' lang='lat' dir='ltr'><strong>orntionem</strong></span> <span class='ocrx_word' id='word_1_253' title='bbox 576 3540 645 3591; x_wconf 87' lang='lat' dir='ltr'><strong>enim</strong></span> <span class='ocrx_word' id='word_1_254' title='bbox 669 3541 697 3590; x_wconf 90' lang='lat' dir='ltr'><strong><em>in</em></strong></span> <span class='ocrx_word' id='word_1_255' title='bbox 724 3541 883 3591; x_wconf 75' lang='lat' dir='ltr'><strong>eontrarium</strong></span> <span class='ocrx_word' id='word_1_256' title='bbox 912 3547 1013 3607; x_wconf 91' lang='lat' dir='ltr'><strong>psrtem</strong></span> <span class='ocrx_word' id='word_1_257' title='bbox 1031 3540 1159 3590; x_wconf 73' lang='lat' dir='ltr'><strong>transicit</strong></span> <span class='ocrx_word' id='word_1_258' title='bbox 1177 3537 1355 3606; x_wconf 85' lang='lat' dir='ltr'><strong>perturbstsm</strong></span> <span class='ocrx_word' id='word_1_259' title='bbox 1375 3545 1401 3589; x_wconf 90' lang='lat' dir='ltr'><strong>et</strong></span> <span class='ocrx_word' id='word_1_260' title='bbox 1421 3553 1503 3592; x_wconf 85' lang='lat' dir='ltr'><strong>ever.</strong></span> 
     </span>
     <span class='ocr_line' id='line_1_30' title="bbox 407 3609 1502 3678; baseline 0.001 -17"><span class='ocrx_word' id='word_1_261' title='bbox 407 3624 471 3674; x_wconf 83' lang='lat' dir='ltr'><strong>snm,</strong></span> <span class='ocrx_word' id='word_1_262' title='bbox 486 3611 519 3662; x_wconf 87' lang='lat' dir='ltr'><strong>sie</strong></span> <span class='ocrx_word' id='word_1_263' title='bbox 535 3624 587 3678; x_wconf 87' lang='lat' dir='ltr'><strong><em>qno</em></strong></span> <span class='ocrx_word' id='word_1_264' title='bbox 609 3611 687 3678; x_wconf 84' lang='lat' dir='ltr'><strong>pinse</strong></span> <span class='ocrx_word' id='word_1_265' title='bbox 708 3612 800 3663; x_wconf 87' lang='lat' dir='ltr'><strong>dicere</strong></span> <span class='ocrx_word' id='word_1_266' title='bbox 822 3619 848 3661; x_wconf 91' lang='lat' dir='ltr'><strong>et</strong></span> <span class='ocrx_word' id='word_1_267' title='bbox 865 3611 1001 3662; x_wconf 86' lang='lat' dir='ltr'><strong>indoctum</strong></span> <span class='ocrx_word' id='word_1_268' title='bbox 1022 3612 1173 3662; x_wconf 77' lang='lat' dir='ltr'><strong>examinare</strong></span> <span class='ocrx_word' id='word_1_269' title='bbox 1185 3609 1322 3661; x_wconf 79' lang='lat' dir='ltr'><strong>et&#39;dneere</strong></span> <span class='ocrx_word' id='word_1_270' title='bbox 1342 3609 1436 3674; x_wconf 82' lang='lat' dir='ltr'><strong>veiim,</strong></span> <span class='ocrx_word' id='word_1_271' title='bbox 1454 3611 1502 3662; x_wconf 87' lang='lat' dir='ltr'><strong>sed</strong></span> 
     </span>
     <span class='ocr_line' id='line_1_31' title="bbox 406 3679 1502 3748; baseline 0.003 -18"><span class='ocrx_word' id='word_1_272' title='bbox 406 3689 509 3747; x_wconf 86' lang='lat' dir='ltr'><strong>tempus</strong></span> <span class='ocrx_word' id='word_1_273' title='bbox 527 3683 578 3732; x_wconf 83' lang='lat' dir='ltr'><strong><em>ism</em></strong></span> <span class='ocrx_word' id='word_1_274' title='bbox 597 3691 687 3748; x_wconf 88' lang='lat' dir='ltr'><strong>sptum</strong></span> <span class='ocrx_word' id='word_1_275' title='bbox 711 3696 764 3733; x_wconf 88' lang='lat' dir='ltr'><strong><em>nnn</em></strong></span> <span class='ocrx_word' id='word_1_276' title='bbox 785 3682 875 3733; x_wconf 80' lang='lat' dir='ltr'><strong>rideo.</strong></span> <span class='ocrx_word' id='word_1_277' title='bbox 913 3695 972 3732; x_wconf 84' lang='lat' dir='ltr'><strong><em>nam</em></strong></span> <span class='ocrx_word' id='word_1_278' title='bbox 1001 3696 1089 3732; x_wconf 88' lang='lat' dir='ltr'><strong>rerum</strong></span> <span class='ocrx_word' id='word_1_279' title='bbox 1110 3681 1172 3732; x_wconf 87' lang='lat' dir='ltr'><strong>inde</strong></span> <span class='ocrx_word' id='word_1_280' title='bbox 1196 3679 1228 3731; x_wconf 88' lang='lat' dir='ltr'><strong><em>sb</em></strong></span> <span class='ocrx_word' id='word_1_281' title='bbox 1247 3679 1323 3731; x_wconf 90' lang='lat' dir='ltr'><strong>initio</strong></span> <span class='ocrx_word' id='word_1_282' title='bbox 1344 3681 1428 3731; x_wconf 87' lang='lat' dir='ltr'><strong>series</strong></span> <span class='ocrx_word' id='word_1_283' title='bbox 1448 3694 1502 3734; x_wconf 88' lang='lat' dir='ltr'><strong><em>nnn</em></strong></span> 
     </span>
     <span class='ocr_line' id='line_1_32' title="bbox 407 3749 1554 3820; baseline 0.003 -19"><span class='ocrx_word' id='word_1_284' title='bbox 407 3753 505 3818; x_wconf 81' lang='lat' dir='ltr'><strong>petitor</strong></span> <span class='ocrx_word' id='word_1_285' title='bbox 521 3767 563 3804; x_wconf 91' lang='lat' dir='ltr'><strong>me</strong></span> <span class='ocrx_word' id='word_1_286' title='bbox 582 3753 679 3804; x_wconf 81' lang='lat' dir='ltr'><strong>mereri</strong></span> <span class='ocrx_word' id='word_1_287' title='bbox 698 3768 748 3804; x_wconf 89' lang='lat' dir='ltr'><strong><em>nee</em></strong></span> <span class='ocrx_word' id='word_1_288' title='bbox 767 3761 876 3820; x_wconf 89' lang='lat' dir='ltr'><strong>propter</strong></span> <span class='ocrx_word' id='word_1_289' title='bbox 894 3752 1005 3803; x_wconf 89' lang='lat' dir='ltr'><strong>inertem</strong></span> <span class='ocrx_word' id='word_1_290' title='bbox 1020 3759 1046 3803; x_wconf 92' lang='lat' dir='ltr'><strong>et</strong></span> <span class='ocrx_word' id='word_1_291' title='bbox 1063 3751 1204 3820; x_wconf 72' lang='lat' dir='ltr'><strong>malignum</strong></span> <span class='ocrx_word' id='word_1_292' title='bbox 1215 3759 1328 3802; x_wconf 89' lang='lat' dir='ltr'><strong>mentem</strong></span> <span class='ocrx_word' id='word_1_293' title='bbox 1348 3765 1401 3802; x_wconf 91' lang='lat' dir='ltr'><strong><em>non</em></strong></span> <span class='ocrx_word' id='word_1_294' title='bbox 1421 3749 1501 3804; x_wconf 83' lang='lat' dir='ltr'><strong>iseiin</strong></span> <span class='ocrx_word' id='word_1_295' title='bbox 1551 3752 1554 3757; x_wconf 81' lang='grc'><strong>’</strong></span> 
     </span>
     <span class='ocr_line' id='line_1_33' title="bbox 325 3822 1262 3892; baseline 0.002 -20"><span class='ocrx_word' id='word_1_296' title='bbox 325 3841 329 3846; x_wconf 58' lang='grc'><em>’</em></span> <span class='ocrx_word' id='word_1_297' title='bbox 403 3822 514 3891; x_wconf 81' lang='lat' dir='ltr'><strong>ssseqni</strong></span> <span class='ocrx_word' id='word_1_298' title='bbox 532 3823 590 3874; x_wconf 86' lang='lat' dir='ltr'><strong>seni</strong></span> <span class='ocrx_word' id='word_1_299' title='bbox 608 3825 758 3892; x_wconf 83' lang='lat' dir='ltr'><strong>quicquum,</strong></span> <span class='ocrx_word' id='word_1_300' title='bbox 776 3839 811 3875; x_wconf 89' lang='lat' dir='ltr'><strong>ne</strong></span> <span class='ocrx_word' id='word_1_301' title='bbox 830 3823 988 3875; x_wconf 81' lang='lat' dir='ltr'><strong>brevissimo</strong></span> <span class='ocrx_word' id='word_1_302' title='bbox 1009 3823 1113 3891; x_wconf 88' lang='lat' dir='ltr'><strong>quidem</strong></span> <span class='ocrx_word' id='word_1_303' title='bbox 1132 3832 1262 3890; x_wconf 90' lang='lat' dir='ltr'><strong>tempore.</strong></span> 
     </span>
    </p>
   </div>
   <div class='ocr_carea' id='block_1_4' title="bbox 334 3919 1506 4559">
    <p class='ocr_par' dir='ltr' id='par_1_23' title="bbox 334 3919 1506 4559">
     <span class='ocr_line' id='line_1_34' title="bbox 407 3919 1500 3989; baseline 0.004 -20"><span class='ocrx_word' id='word_1_304' title='bbox 407 3971 410 3974; x_wconf 69' lang='grc'>,</span> <span class='ocrx_word' id='word_1_305' title='bbox 450 3955 461 3962; x_wconf 83' lang='grc'>-</span> <span class='ocrx_word' id='word_1_306' title='bbox 506 3919 668 3989; x_wconf 72' lang='lat' dir='ltr'><strong>Quamquam</strong></span> <span class='ocrx_word' id='word_1_307' title='bbox 686 3921 789 3972; x_wconf 82' lang='lat' dir='ltr'><strong>reuersi</strong></span> <span class='ocrx_word' id='word_1_308' title='bbox 810 3935 901 3973; x_wconf 85' lang='lat' dir='ltr'><strong>rursus</strong></span> <span class='ocrx_word' id='word_1_309' title='bbox 921 3921 1067 3980; x_wconf 80' lang='lat' dir='ltr'><strong>emtionem</strong></span> <span class='ocrx_word' id='word_1_310' title='bbox 1093 3921 1263 3988; x_wconf 83' lang='lat' dir='ltr'><strong>recipiemus.</strong></span> <span class='ocrx_word' id='word_1_311' title='bbox 1301 3919 1500 3973; x_wconf 82' lang='lat' dir='ltr'><strong>elementeiium</strong></span> 
     </span>
     <span class='ocr_line' id='line_1_35' title="bbox 408 3991 1504 4059; baseline 0.003 -17"><span class='ocrx_word' id='word_1_312' title='bbox 408 3991 583 4042; x_wconf 88' lang='lat' dir='ltr'><strong>essentisrnm</strong></span> <span class='ocrx_word' id='word_1_313' title='bbox 603 4006 777 4059; x_wconf 82' lang='lat' dir='ltr'><strong>unuquseqne</strong></span> <span class='ocrx_word' id='word_1_314' title='bbox 796 3992 875 4043; x_wconf 83' lang='lat' dir='ltr'><strong>unies</strong></span> <span class='ocrx_word' id='word_1_315' title='bbox 899 3999 941 4044; x_wconf 88' lang='lat' dir='ltr'><strong>est</strong></span> <span class='ocrx_word' id='word_1_316' title='bbox 969 4000 996 4043; x_wconf 88' lang='lat' dir='ltr'><strong>et</strong></span> <span class='ocrx_word' id='word_1_317' title='bbox 1014 3992 1138 4058; x_wconf 79' lang='lat' dir='ltr'><strong>primoris</strong></span> <span class='ocrx_word' id='word_1_318' title='bbox 1163 4000 1190 4044; x_wconf 86' lang='lat' dir='ltr'><strong>et</strong></span> <span class='ocrx_word' id='word_1_319' title='bbox 1217 3993 1348 4058; x_wconf 84' lang='lat' dir='ltr'><strong>impertite</strong></span> <span class='ocrx_word' id='word_1_320' title='bbox 1379 3992 1458 4045; x_wconf 69' lang='lat' dir='ltr'><strong>et&#39;ob</strong></span> <span class='ocrx_word' id='word_1_321' title='bbox 1477 3992 1504 4044; x_wconf 83' lang='lat' dir='ltr'><strong><em>id</em></strong></span> 
     </span>
     <span class='ocr_line' id='line_1_36' title="bbox 407 4061 1502 4129; baseline 0.003 -17"><span class='ocrx_word' id='word_1_322' title='bbox 407 4063 493 4129; x_wconf 84' lang='lat' dir='ltr'><strong>ipsum</strong></span> <span class='ocrx_word' id='word_1_323' title='bbox 512 4075 567 4112; x_wconf 89' lang='lat' dir='ltr'><strong><em>non</em></strong></span> <span class='ocrx_word' id='word_1_324' title='bbox 586 4061 760 4113; x_wconf 81' lang='lat' dir='ltr'><strong>dissolubilis.</strong></span> <span class='ocrx_word' id='word_1_325' title='bbox 806 4078 860 4114; x_wconf 90' lang='lat' dir='ltr'><strong><em>non</em></strong></span> <span class='ocrx_word' id='word_1_326' title='bbox 881 4064 950 4114; x_wconf 88' lang='lat' dir='ltr'><strong>enim</strong></span> <span class='ocrx_word' id='word_1_327' title='bbox 970 4063 1063 4129; x_wconf 89' lang='lat' dir='ltr'><strong>specie</strong></span> <span class='ocrx_word' id='word_1_328' title='bbox 1082 4070 1128 4114; x_wconf 82' lang='lat' dir='ltr'><strong><em>sut</em></strong></span> <span class='ocrx_word' id='word_1_329' title='bbox 1149 4077 1258 4114; x_wconf 88' lang='lat' dir='ltr'><strong>numero</strong></span> <span class='ocrx_word' id='word_1_330' title='bbox 1278 4071 1401 4115; x_wconf 77' lang='lat' dir='ltr'><strong>constare</strong></span> <span class='ocrx_word' id='word_1_331' title='bbox 1421 4062 1502 4115; x_wconf 83' lang='lat' dir='ltr'><strong>uilem</strong></span> 
     </span>
     <span class='ocr_line' id='line_1_37' title="bbox 334 4131 1504 4196; baseline 0.002 -12"><span class='ocrx_word' id='word_1_332' title='bbox 334 4137 338 4144; x_wconf 89' lang='lat'>&#39;</span> <span class='ocrx_word' id='word_1_333' title='bbox 406 4131 604 4196; x_wconf 71' lang='lat' dir='ltr'><strong>immunimus,</strong></span> <span class='ocrx_word' id='word_1_334' title='bbox 623 4132 685 4185; x_wconf 85' lang='lat' dir='ltr'><strong>ideo</strong></span> <span class='ocrx_word' id='word_1_335' title='bbox 710 4132 885 4185; x_wconf 89' lang='lat' dir='ltr'><strong>elementsies</strong></span> <span class='ocrx_word' id='word_1_336' title='bbox 910 4135 1041 4185; x_wconf 84' lang='lat' dir='ltr'><strong>essentiss</strong></span> <span class='ocrx_word' id='word_1_337' title='bbox 1060 4148 1195 4186; x_wconf 84' lang='lat' dir='ltr'><strong>vocemus.</strong></span> <span class='ocrx_word' id='word_1_338' title='bbox 1239 4133 1397 4186; x_wconf 88' lang='lat' dir='ltr'><strong>essentisies</strong></span> <span class='ocrx_word' id='word_1_339' title='bbox 1417 4141 1504 4188; x_wconf 86' lang='lat' dir='ltr'><strong>temen</strong></span> 
     </span>
     <span class='ocr_line' id='line_1_38' title="bbox 407 4203 1504 4272; baseline -0.001 -15"><span class='ocrx_word' id='word_1_340' title='bbox 407 4204 553 4257; x_wconf 83' lang='lat' dir='ltr'><strong>vsrietstes</strong></span> <span class='ocrx_word' id='word_1_341' title='bbox 576 4203 675 4254; x_wconf 81' lang='lat' dir='ltr'><strong>hebent</strong></span> <span class='ocrx_word' id='word_1_342' title='bbox 694 4205 721 4255; x_wconf 91' lang='lat' dir='ltr'><strong><em>in</em></strong></span> <span class='ocrx_word' id='word_1_343' title='bbox 740 4205 855 4270; x_wconf 90' lang='lat' dir='ltr'><strong>propriis</strong></span> <span class='ocrx_word' id='word_1_344' title='bbox 873 4205 928 4254; x_wconf 92' lang='lat' dir='ltr'><strong>sois</strong></span> <span class='ocrx_word' id='word_1_345' title='bbox 949 4205 1054 4256; x_wconf 83' lang='lat' dir='ltr'><strong>fluibus.</strong></span> <span class='ocrx_word' id='word_1_346' title='bbox 1096 4203 1165 4256; x_wconf 85' lang='lat' dir='ltr'><strong>nihii</strong></span> <span class='ocrx_word' id='word_1_347' title='bbox 1193 4205 1262 4255; x_wconf 87' lang='lat' dir='ltr'><strong>enim</strong></span> <span class='ocrx_word' id='word_1_348' title='bbox 1293 4219 1405 4269; x_wconf 85' lang='lat' dir='ltr'><strong>eornm,</strong></span> <span class='ocrx_word' id='word_1_349' title='bbox 1435 4220 1504 4272; x_wconf 86' lang='lat' dir='ltr'><strong>quse</strong></span> 
     </span>
     <span class='ocr_line' id='line_1_39' title="bbox 406 4274 1504 4342; baseline -0.003 -16"><span class='ocrx_word' id='word_1_350' title='bbox 406 4281 530 4342; x_wconf 73' lang='lat' dir='ltr'><strong>seperate</strong></span> <span class='ocrx_word' id='word_1_351' title='bbox 546 4282 607 4325; x_wconf 89' lang='lat' dir='ltr'><strong>sunt</strong></span> <span class='ocrx_word' id='word_1_352' title='bbox 625 4282 670 4325; x_wconf 87' lang='lat' dir='ltr'><strong><em>sut</em></strong></span> <span class='ocrx_word' id='word_1_353' title='bbox 689 4274 819 4330; x_wconf 84' lang='lat' dir='ltr'><strong>(iissoints</strong></span> <span class='ocrx_word' id='word_1_354' title='bbox 836 4284 881 4326; x_wconf 83' lang='lat' dir='ltr'><strong><em>sot</em></strong></span> <span class='ocrx_word' id='word_1_355' title='bbox 900 4278 1006 4342; x_wconf 85' lang='lat' dir='ltr'><strong>pertits,</strong></span> <span class='ocrx_word' id='word_1_356' title='bbox 1026 4274 1185 4327; x_wconf 69' lang='lat' dir='ltr'><strong>essentiales</strong></span> <span class='ocrx_word' id='word_1_357' title='bbox 1203 4276 1231 4326; x_wconf 92' lang='lat' dir='ltr'><strong><em>in</em></strong></span> <span class='ocrx_word' id='word_1_358' title='bbox 1249 4291 1279 4327; x_wconf 88' lang='lat' dir='ltr'><strong>se</strong></span> <span class='ocrx_word' id='word_1_359' title='bbox 1290 4277 1434 4329; x_wconf 80' lang='lat' dir='ltr'><strong>tsrietstes</strong></span> <span class='ocrx_word' id='word_1_360' title='bbox 1454 4277 1504 4328; x_wconf 86' lang='lat' dir='ltr'><strong>irs.</strong></span> 
     </span>
     <span class='ocr_line' id='line_1_40' title="bbox 406 4344 1506 4413; baseline 0.003 -17"><span class='ocrx_word' id='word_1_361' title='bbox 406 4344 462 4409; x_wconf 87' lang='lat' dir='ltr'><strong>bet,</strong></span> <span class='ocrx_word' id='word_1_362' title='bbox 482 4345 530 4396; x_wconf 84' lang='lat' dir='ltr'><strong>sed</strong></span> <span class='ocrx_word' id='word_1_363' title='bbox 547 4346 580 4395; x_wconf 85' lang='lat' dir='ltr'><strong><em>sb</em></strong></span> <span class='ocrx_word' id='word_1_364' title='bbox 600 4345 677 4396; x_wconf 90' lang='lat' dir='ltr'><strong>initio</strong></span> <span class='ocrx_word' id='word_1_365' title='bbox 703 4347 919 4413; x_wconf 74' lang='lat' dir='ltr'><strong>progredientem</strong></span> <span class='ocrx_word' id='word_1_366' title='bbox 946 4347 1044 4413; x_wconf 85' lang='lat' dir='ltr'><strong>recipit</strong></span> <span class='ocrx_word' id='word_1_367' title='bbox 1071 4345 1252 4398; x_wconf 82' lang='lat' dir='ltr'><strong>definitionem</strong></span> <span class='ocrx_word' id='word_1_368' title='bbox 1280 4347 1451 4413; x_wconf 78' lang='lat' dir='ltr'><strong>compositum</strong></span> <span class='ocrx_word' id='word_1_369' title='bbox 1471 4362 1506 4398; x_wconf 84' lang='lat' dir='ltr'><strong>ex</strong></span> 
     </span>
     <span class='ocr_line' id='line_1_41' title="bbox 407 4417 1503 4484; baseline 0.004 -18"><span class='ocrx_word' id='word_1_370' title='bbox 407 4430 510 4483; x_wconf 69' lang='lat' dir='ltr'><strong>genere</strong></span> <span class='ocrx_word' id='word_1_371' title='bbox 528 4421 556 4464; x_wconf 87' lang='lat' dir='ltr'><strong>et</strong></span> <span class='ocrx_word' id='word_1_372' title='bbox 574 4417 797 4484; x_wconf 80' lang='lat' dir='ltr'><strong>componentibus</strong></span> <span class='ocrx_word' id='word_1_373' title='bbox 815 4418 998 4468; x_wconf 79' lang='lat' dir='ltr'><strong>vsrietstibus.</strong></span> <span class='ocrx_word' id='word_1_374' title='bbox 1036 4417 1194 4469; x_wconf 80' lang='lat' dir='ltr'><strong>definientes</strong></span> <span class='ocrx_word' id='word_1_375' title='bbox 1207 4417 1276 4467; x_wconf 88' lang='lat' dir='ltr'><strong>enim</strong></span> <span class='ocrx_word' id='word_1_376' title='bbox 1290 4419 1432 4482; x_wconf 81' lang='lat' dir='ltr'><strong>inminens,</strong></span> <span class='ocrx_word' id='word_1_377' title='bbox 1450 4430 1503 4470; x_wconf 83' lang='lat' dir='ltr'><strong>neu</strong></span> 
     </span>
     <span class='ocr_line' id='line_1_42' title="bbox 406 4483 1503 4559; baseline 0.001 -20"><span class='ocrx_word' id='word_1_378' title='bbox 406 4483 584 4541; x_wconf 81' lang='lat' dir='ltr'><strong>eiemeetsles</strong></span> <span class='ocrx_word' id='word_1_379' title='bbox 605 4493 633 4539; x_wconf 91' lang='lat' dir='ltr'><strong>et</strong></span> <span class='ocrx_word' id='word_1_380' title='bbox 648 4495 762 4542; x_wconf 85' lang='lat' dir='ltr'><strong>nstnsse</strong></span> <span class='ocrx_word' id='word_1_381' title='bbox 780 4488 914 4546; x_wconf 74' lang='lat' dir='ltr'><strong>subiectus</strong></span> <span class='ocrx_word' id='word_1_382' title='bbox 930 4490 1061 4542; x_wconf 76' lang='lat' dir='ltr'><strong>essentias</strong></span> <span class='ocrx_word' id='word_1_383' title='bbox 1086 4488 1281 4558; x_wconf 79' lang='lat' dir='ltr'><strong>perscrutemri</strong></span> <span class='ocrx_word' id='word_1_384' title='bbox 1300 4489 1420 4559; x_wconf 72' lang='lat' dir='ltr'><strong>ticinus</strong></span> <span class='ocrx_word' id='word_1_385' title='bbox 1432 4504 1456 4544; x_wconf 78' lang='lat' dir='ltr'><strong>e.</strong></span> <span class='ocrx_word' id='word_1_386' title='bbox 1474 4503 1503 4559; x_wconf 75' lang='grc' dir='ltr'><strong><em>ρ.</em></strong></span> 
     </span>
    </p>
   </div>
   <div class='ocr_carea' id='block_1_5' title="bbox 0 0 2004 5392">
    <p class='ocr_par' dir='ltr' id='par_1_24' title="bbox 0 0 2004 5392">
     <span class='ocr_line' id='line_1_43' title="bbox 0 0 2004 5392; baseline 0 1"><span class='ocrx_word' id='word_1_387' title='bbox 0 0 2004 5392; x_wconf 95' lang='lat' dir='ltr'><strong><em> </em></strong></span> 
     </span>
    </p>
   </div>
  </div>
 </body>
</html>
