4000 5392
464 665 469 668 ¹
512 575 733 647 nosnomts
759 575 1019 648 smmmntn
1038 582 1137 650 xxm·
1153 561 1342 649 ott-us.
1406 573 1481 652 σεο

381 737 506 825 διγλαδίγ
525 739 583 826 τήν
606 740 699 807 θείαν
718 743 839 826 όκείνεγν
859 741 914 808 καί
933 744 1097 829 μακαρίαν
1128 743 1252 828 ούοιάν,
1275 745 1330 811 καί
1346 739 1391 829 μῆ
1415 743 1482 808 κατ’

384 839 543 922 Βύνόμιον
565 841 683 908 όκεῖνον
703 839 756 909 τόν
772 845 924 930 δυσσεβῆ,
946 843 982 910 τό
1005 851 1061 928 τῆς
1083 847 1267 931 α’γεννηοίος
1287 838 1387 928 όνομα
1407 842 1482 910 θεό.

383 966 475 1027 spana
505 937 641 1027 ύνιαρξιν
671 946 818 1027 λε’γσντα,
854 944 912 1009 καί
937 947 984 1027 σί,
1012 945 1163 1032 θεότητος
1191 949 1284 1014 ταῦθ’
1306 941 1482 1033 ύφειμόνας
1519 1007 1521 1010 .

384 1040 531 1126 ἡγεῖσθαι
554 1041 669 1123 ιιύντα,
694 1042 869 1130 διαφόρους
883 1049 937 1130 τῆς
955 1046 1067 1122 ούσίας
1088 1047 1143 1111 καί
1154 1035 1328 1129 α’κτίοτονς,
1350 1041 1482 1129 daupu-

356 1147 450 1206 bnms
469 1135 544 1207 όνεα
566 1142 732 1226 εύρήματα
757 1146 813 1210 καί
832 1148 1003 1229 ποιήματα.
1046 1147 1158 1212 αύτύια
1179 1145 1238 1232 γύρ
1261 1149 1340 1234 ιιρός
1363 1150 1482 1213 ἐκεῖνον

384 1241 401 1307 ό
422 1246 522 1327 μόγας
553 1246 670 1330 φύσκει
693 1249 861 1321 Βασίλεισς
887 1244 943 1312 “ab
966 1249 1133 1332 α’γέννρκσς
1160 1250 1191 1313 εἰ
1211 1241 1321 1330 όνομα,
1344 1250 1401 1312 ούκ
1422 1248 1482 1312 ού-

382 1350 455 1411 σία·
499 1348 562 1409 τοῖν
580 1344 643 1430 γύρ
667 1348 787 1410 ούσιοόν
805 1347 981 1432 σημαντικόν
1005 1346 1042 1413 τύ
1066 1347 1219 1436 ὀνόματα,
1238 1349 1295 1414 ούκ
1317 1346 1400 1414 αύτύ
1422 1351 1480 1414 ού·

382 1447 463 1511 σιἀι.
518 1449 605 1510 εἶδ’
626 1447 709 1512 αύτύ
742 1446 836 1513 ούοία
856 1444 890 1513 τό
914 1451 1093 1534 α’γέννητος,
1123 1455 1301 1534 λεγέτωσαν
1321 1449 1354 1514 τό
1381 1440 1480 1532 όνομο

383 1549 498 1631 αύιῆς·
553 1549 594 1613 ού
618 1547 680 1630 γύρ
709 1551 743 1612 ἐκ
766 1551 831 1611 εοόν
851 1551 970 1615 ον’σιύν
994 1552 1064 1615 ἀλλ’
1092 1553 1127 1616 ἐκ
1146 1554 1209 1616 τεόν
1242 1548 1405 1633 όνσμύτων
1427 1553 1481 1614 καί

339 1649 417 1712 tols
449 1652 512 1712 τοόν
552 1645 717 1731 ἐνεργειῶν
747 1653 942 1733 γνωρίζομεν
970 1654 1026 1716 καί
1053 1648 1193 1733 μόλιοτα
1223 1649 1263 1717 τό
1295 1649 1481 1732 ύοιόματα.”
1517 1659 1519 1664 ’

382 1743 457 1836 δρᾷς
481 1752 516 1814 όκ
538 1751 597 1812 τού
618 1746 810 1832 παρήκοντος
842 1754 907 1827 πῶς
928 1755 963 1818 ἐκ
985 1755 1048 1816 τοόν
1077 1756 1262 1834 σωματικῶς
1292 1753 1477 1836 δεωρονμύ-
1488 1765 1542 1818 18

381 1873 444 1912 νων
468 1846 633 1930 ἐνεργειῶν
655 1850 762 1934 φησίν,
782 1848 887 1915 εἴισον
900 1849 1001 1937 ἔργων
1020 1855 1075 1918 καί
1093 1851 1288 1937 νισιρμύτων,
1313 1852 1479 1938 γνωρίζειν

380 1947 464 2032 ἡμᾶς
485 1947 523 2013 τό
543 1946 698 2030 δοιόματα
734 1949 788 2014 καὶ
808 1950 853 2034 με’]
881 1950 1080 2036 φαινόμενος
1109 1948 1206 2018 ύκονε
1230 1958 1261 2017 δ’
1281 1950 1334 2018 ius*
1356 1952 1479 2029 τούτοις

380 2054 417 2112 τί
440 2049 498 2112 καί
527 2046 544 2110 ύ
569 2052 748 2114 Νοοσαίων
776 2050 851 2132 sape*
878 2051 1039 2131 ὀνομάτων
1066 2053 1182 2140 φόοκει
1204 2055 1235 2118 Γ
1233 2053 1385 2140 ρηγύριος.
1434 2048 1476 2137 “si

339 2157 372 2212 15
382 2153 455 2213 θεία
477 2148 575 2236 φύσις
597 2146 643 2214 ότι
666 2153 739 2215 νιστδ
762 2156 830 2216 κατ’
852 2153 963 2219 ούσίαν
978 2155 1058 2238 ἔστί,
1074 2156 1134 2234 μία
1154 2151 1237 2219 ύοτίν
1250 2152 1333 2237 ύαλῆ
1345 2157 1401 2219 καί
1412 2175 1477 2233 μο-

381 2246 503 2332 νοειδής
525 2249 580 2314 καί
600 2250 777 2328 ἀσύνδετος
799 2256 855 2316 καί
874 2252 952 2336 onte
975 2251 1031 2338 τὴν
1054 2251 1241 2339 αἰσθητικὴν
1271 2249 1359 2337 ἡμῶν
1380 2251 1477 2318 κατό-

379 2355 488 2432 lpum.
530 2355 587 2416 καί
605 2350 714 2436 iussos}
736 2353 820 2434 μόνα
844 2350 884 2417 τύ
905 2353 1121 2436 γινωσκόμενα
1151 2351 1204 2419 διό
1226 2357 1282 2437 τῆς
1302 2354 1476 2434 όνσμαστι-

379 2451 436 2534 τῆς
455 2452 676 2536 σημειούμεδα
699 2453 858 2536 κλήσεως,
882 2452 920 2517 τύ
946 2455 975 2516 δ’
997 2454 1077 2535 ύιιδρ
1097 2450 1154 2538 τήν
1176 2456 1292 2538 γνῶσιν
1315 2445 1391 2518 όντα
1415 2479 1475 2539 op-

378 2561 561 2633 μειοοιικαϊς
584 2551 649 2616 τισί
669 2553 895 2637 προσηγορίαις
919 2556 1084 2633 διαλαβεῖν
1113 2553 1173 2636 σύγ,
1194 2545 1260 2618 οἷόν
1281 2575 1327 2634 τε,
1350 2559 1475 2629 πολλοῖς

335 2654 434 2719 20καί
462 2649 631 2736 διαφόροις
665 2651 837 2734 όνόμαοιν,
859 2650 944 2730 ὅπως
976 2647 1016 2717 ύν
1043 2647 1064 2741 ᾗ
1089 2652 1240 2737 δύνατόν,
1271 2655 1475 2734 διακαλύψαι

378 2750 558 2835 βιαζόμεθα
586 2751 645 2834 τόν
666 2753 865 2836 όγγινομόνην
895 2751 970 2837 ἡμίν
997 2755 1073 2838 περί
1091 2755 1152 2817 τού
1172 2753 1262 2818 θείαν
1289 2749 1474 2836 pulsatos?

378 3100 438 3138 eum
457 3085 495 3137 ita
515 3084 569 3143 sint
585 3085 677 3155 itaque
696 3085 887 3154 praeiudicata,
912 3087 1059 3157 repetentis
1088 3087 1202 3141 fortasse
1224 3093 1265 3140 est
1282 3083 1375 3156 lingna
1393 3084 1470 3138 nobis

379 3158 502 3225 optime
521 3159 638 3225 vestigio
657 3160 796 3224 orationis,
816 3159 842 3211 ls.
863 3177 887 3212 e.
899 3158 1112 3213 'demonstranda
1137 3167 1178 3212 est
1202 3157 1343 3211 multorum
1362 3155 1470 3210 illorum
1574 3215 1577 3238 ¹

377 3229 513 3279 nominum
540 3229 683 3281 eoncordia
713 3236 740 3280 et
764 3239 910 3283 concentus
940 3241 966 3284 et
987 3249 1056 3301 qnae
1076 3233 1112 3283 sit
1141 3245 1231 3283 eorum
1251 3230 1282 3281 ad
1300 3243 1380 3280 unum
1399 3227 1470 3297 quod

380 3300 488 3368 proprio
507 3301 546 3350 sie
564 3300 662 3352 dicitur
681 3300 793 3366 relatio,
821 3303 853 3355 ml
878 3304 994 3355 divinam
1014 3303 1136 3355 nimirum
1162 3301 1236 3353 illam
1255 3307 1283 3351 et
1300 3298 1405 3351 beatam
1423 3315 1468 3352 es.

375 3372 498 3435 sentiam,
516 3385 605 3438 neque
623 3373 787 3440 sequundum
795 3373 951 3426 Ennominm
963 3375 1038 3434 illum
1053 3375 1161 3440 impium
1179 3371 1225 3441 qni
1242 3384 1296 3421 non
1315 3371 1399 3439 geniti
1416 3385 1470 3421 no.

376 3457 437 3492 men
456 3442 604 3494 divinitatis
629 3443 802 3495 substantiam
828 3446 906 3510 dicit,
926 3460 1015 3514 oeque
1034 3445 1177 3496 seeundum
1201 3451 1228 3493 te
1257 3440 1398 3508 putandam
1419 3447 1469 3504 est,

376 3513 531 3564 divinitates
552 3515 703 3565 summissas
729 3516 835 3566 omnino
862 3517 982 3568 diversas
1009 3514 1041 3567 ab
1068 3515 1184 3566 essentia
1203 3519 1230 3565 et
1258 3513 1389 3562 increatas
1409 3525 1470 3563 esso

376 3585 499 3635 inventas
519 3584 648 3652 fictasque
666 3585 699 3636 nb
726 3585 885 3638 bominibus.
933 3586 1020 3637 statim
1048 3586 1116 3636 enim
1147 3591 1240 3636 eontra
1258 3581 1334 3633 illum
1353 3581 1470 3633 Basilius

375 3669 487 3723 magnus
506 3655 558 3706 ait:
581 3664 651 3707 “oon
673 3658 811 3723 genitum'
832 3660 855 3709 si
873 3671 970 3709 nomen
990 3663 1040 3720 est,
1059 3665 1167 3707 nonest
1189 3653 1315 3718 essentia,
1336 3653 1470 3705 essentis-

376 3741 432 3777 rum
452 3728 521 3777 enim
548 3727 725 3794 significantia
756 3736 817 3779 sunt
835 3729 961 3791 nomina,
990 3742 1044 3778 nun
1069 3727 1127 3793 ipsa
1152 3725 1303 3790 essentiae,
1322 3725 1363 3778 sin
1381 3733 1470 3776 sutem

376 3797 460 3863 ipsum
481 3805 552 3847 “non
571 3800 709 3866 genitum’
729 3807 770 3850 est
788 3801 913 3864 essentia,
938 3799 1046 3850 dieunto
1065 3812 1162 3849 nomen
1183 3798 1256 3848 eius:
1269 3809 1328 3847 non
1347 3796 1417 3847 enim
1435 3811 1469 3847 ex
1497 3837 1501 3845 .

377 3868 504 3919 essentiis
522 3870 569 3920 sed
589 3870 763 3921 enominibus
783 3879 810 3922 et
828 3871 982 3922 efficientiis
1000 3868 1176 3937 intelligimus
1196 3875 1223 3920 et
1242 3868 1355 3918 maxime
1375 3867 1469 3919 ineos.

375 3951 467 4005 porea.
506 3940 581 3992 vides
601 3957 634 3992 ex
654 3942 697 4005 iis,
717 3956 786 4010 quae
804 3943 952 4006 accedunt,
971 3940 1061 3992 dicere
1082 3939 1158 3991 illum
1178 3955 1211 4014 px
1230 3939 1383 3990 efficientiis
1404 3953 1467 3989 eor.

373 4011 447 4076 ponis
465 4009 550 4061 instas
568 4013 696 4078 inspeetis
715 4013 774 4063 sive
794 4011 872 4065 laetis
893 4019 919 4063 et
938 4011 1064 4079 operibus
1083 4024 1132 4063 nos
1152 4009 1290 4063 declamas
1308 4011 1468 4077 incorporea

375 4088 402 4132 et
421 4094 490 4149 qnae
508 4095 562 4132 non
583 4091 736 4135 cernuntur.
773 4087 866 4151 accipe
886 4091 1027 4151 praeterea
1046 4097 1114 4150 quae
1134 4083 1212 4134 etism
1232 4081 1377 4152 Gregorius
1395 4080 1467 4146 llys-

374 4167 451 4205 saeus
475 4151 507 4203 de
525 4154 676 4205 nominibus
695 4155 782 4206 dicet:
810 4164 904 4207 natum
922 4155 1026 4220 divina,
1045 4153 1172 4222 quidquid
1192 4153 1353 4205 estuatione
1372 4166 1468 4204 essen.
1499 4165 1502 4174 ’

373 4223 427 4274 tiae
449 4223 547 4290 habita,
568 4241 619 4276 uon
640 4233 680 4293 est
697 4225 811 4294 simplex
829 4235 856 4278 et
874 4226 1014 4277 uniformis
1035 4234 1062 4276 et
1081 4225 1257 4291 incomposita
1277 4231 1303 4276 et
1323 4231 1397 4274 extra
1414 4235 1467 4273 no.

374 4302 454 4347 stram
474 4297 740 4348 animadversionem.
778 4306 806 4349 et
823 4299 948 4366 quonism
967 4297 1026 4348 sola
1038 4309 1107 4364 quae
1125 4295 1314 4364 intelliguntur
1331 4294 1467 4345 nomlnum

373 4365 485 4418 uocibus
503 4367 700 4436 significamuss
720 4383 787 4435 quas
806 4377 892 4420 sutem
911 4383 991 4435 snpra
1010 4366 1215 4434 intelligentiam
1234 4374 1305 4429 suot,
1328 4379 1383 4416 non
1402 4378 1467 4431 pos.

373 4452 463 4491 snmus
482 4437 693 4507 significantibus
711 4438 937 4506 appellationibus
956 4438 1111 4505 complecti,
1130 4438 1219 4489 multis
1238 4445 1265 4489 et
1281 4437 1396 4488 (liversis
1415 4449 1467 4486 no-

328 4553 332 4556 .
372 4507 488 4566 minibus
507 4517 638 4578 qnatenus
657 4510 724 4562 licet
739 4511 865 4565 revelem
884 4509 1005 4580 cogimur
1023 4511 1127 4564 insitam
1146 4509 1224 4563 nobis
1242 4511 1275 4564 de
1295 4509 1405 4561 nomine
1423 4507 1468 4560 di.

346 4639 349 4642 ⁴
462 4609 625 4686 ίίόοερλοννι
635 4607 745 4686 &spon
770 4607 825 4668 Vol.
837 4607 892 4664 111.
1247 4607 1281 4666 19
