4000 5392
594 591 821 660 nrsromsa
850 562 1342 656 annominaret.
1467 579 1518 654 uu

407 755 596 816 adobtione
620 754 769 838 γραφῶν.
818 749 907 836 ἔργον
929 749 990 836 yo'p
1015 751 1116 816 αὐτοῦ
1145 747 1398 816 σπουδαιότατον
1418 745 1519 829 μείλι-

409 876 468 914 στα
497 853 631 917 πάντων
665 851 768 936 ιἐραῖς
806 851 982 937 ἐκκλησίαις
1023 853 1273 934 ἀθροιζομένους
1303 847 1517 931 Χριοτίανους

412 949 574 1016 διδάσκειν
602 956 640 1018 τά
665 978 700 1018 τε
732 947 812 1018 itta
842 959 898 1035 της
931 956 1094 1034 εδσεβείας
1126 949 1269 1033 νόμιμα,
1299 955 1354 1014 κατ’
1381 947 1462 1032 πρός
1483 971 1518 1030 γε

416 1055 575 1136 φροντίδα
601 1059 767 1119 ποιεῖσθαι
786 1058 847 1118 τῶν
868 1058 1027 1134 δεομένων
1040 1051 1196 1135 μεγίστην,
1217 1051 1261 1126 οἷς
1282 1044 1362 1114 εἶναι
1378 1052 1419 1112 δι’
1437 1050 1520 1112 έκεῖ-

390 1157 468 1214 5νον
491 1155 599 1217 πᾶσαν
622 1155 743 1238 ἐκείνην
766 1152 822 1238 την
842 1155 937 1237 νῆσον
953 1153 1044 1218 ἐλέου
1067 1156 1121 1218 καί
1141 1155 1271 1227 πολττεως
1294 1145 1444 1228 στιίδιον,
1465 1145 1520 1212 καί
1601 1159 1605 1168 “

413 1252 554 1330 μα’λιστα
592 1253 720 1318 πάντων
754 1255 967 1337 αἰχμαλώτων
996 1253 1193 1336 ἐλευθερίαν.
1243 1253 1311 1316 εἰσί
1328 1272 1364 1332 γε
1381 1246 1446 1329 μὴν
1465 1249 1555 1316 aad·

417 1349 450 1414 αὶ
472 1355 531 1416 rosi
553 1353 652 1436 ῥηγός
674 1355 749 1438 περί
767 1354 840 1429 τούς
871 1355 989 1429 τόπους
1021 1356 1160 1426 ἐκείνους
1181 1349 1331 1425 έπαίλεις
1354 1348 1409 1414 καί
1432 1350 1518 1413 δίοι-

414 1477 485 1533 ται,
517 1453 573 1516 καί
604 1453 638 1518 αλ
679 1458 740 1517 τῶν
778 1451 872 1520 οἴκων
908 1457 1028 1540 ἐκεινου
1058 1451 1274 1536 λαμπρότητες
1307 1453 1390 1514 πάνυ
1425 1449 1520 1514 καλαί

417 1551 470 1614 δια
495 1551 530 1616 τό
560 1557 769 1637 χαριέστερον
796 1547 878 1634 εἶναι
907 1556 961 1637 τῆς
991 1550 1091 1636 κη’σου
1118 1549 1153 1618 ad
1177 1555 1273 1632 μέρος
1304 1553 1404 1615 lartio
1425 1543 1518 1632 οἰέρές

377 1663 450 1717 titre
474 1655 568 1716 ἕνεκα
602 1653 657 1717 καί
685 1651 754 1734 τίμα
786 1658 906 1731 θέσεως
928 1649 1023 1738 ἄλλης
1054 1651 1108 1716 καί
1126 1647 1293 1737 ῥαθυμίας
1319 1654 1383 1716 τῶν
1404 1651 1516 1718 τόπων.

417 1750 467 1817 διδ
494 1755 554 1817 eota
576 1756 636 1819 τοῦ
663 1753 776 1836 σχεδὸν
805 1752 956 1840 ἔσεφοίτα
984 1751 1075 1834 θαμὰ
1098 1757 1175 1832 παρ’
1205 1749 1304 1816 osiris
1327 1746 1343 1816 ὃ
1366 1753 1519 1836 Λαπίθης

416 1854 598 1939 Γεοίργιος,
635 1853 690 1920 καί
718 1855 847 1942 σφόδρα
886 1857 1001 1942 κομιδῇ
1029 1856 1145 1937 πολλῆς
1173 1854 1314 1920 α’πέλαυε
1345 1856 1401 1938 της
1431 1851 1522 1940 δηρι-

416 1961 473 2037 κης
497 1955 608 2031 αίδοῦς
640 1958 806 2038 καίτιμης
826 1957 881 2022 διιί
905 1980 940 2022 τε
967 1954 1024 2039 τήν
1055 1949 1154 2039 οἵλλην
1174 1951 1362 2040 σεμνὸτητα,
1397 1960 1452 2021 καί
1482 1949 1520 2038 ἢν

417 2053 563 2137 ἐκέκτητο
581 2053 723 2134 μάλιστα
745 2057 872 2121 πάντων
894 2056 1025 2141 σοφίαν,
1049 2053 1119 2119 έπεί
1138 2053 1191 2117 καί
1212 2054 1308 2129 ου’τός
1329 2056 1370 2120 ου’
1383 2058 1520 2139 μετρίως

377 2154 474 2235 tirio
489 2156 639 2219 Λατίνων
660 2161 795 2238 μετέσχε
811 2163 1004 2242 φιλοσοφίας
1024 2155 1041 2219 d
1061 2153 1131 2240 ῥηξ,
1153 2160 1208 2221 καί
1224 2159 1264 2220 δι’
1286 2154 1366 2246 αρ’τί
1381 2179 1416 2239 γε
1429 2153 1521 2220 τουτί

419 2253 555 2330 πολλοὺς
577 2258 636 2334 μέν
660 2258 741 2342 ἄμφ’
763 2257 864 2321 αὑτὸν
886 2255 1118 2331 τοδςΛατίνων
1137 2249 1204 2339 εἶχε
1224 2254 1347 2343 σοφοδς
1369 2254 1437 2336 οἶοί,
1461 2245 1521 2337 ἦρα

421 2357 599 2436 δὲμᾶλλον
627 2361 684 2440 τῆς
708 2361 738 2422 Γ
736 2357 870 2439 εωργίου
901 2356 1024 2441 μούσης
1052 2361 1105 2423 καί
1131 2357 1276 2438 δμιλίας·
1329 2355 1426 2442 σοφοί
1444 2351 1518 2437 peip,

422 2457 511 2540 φησί,
534 2455 684 2539 τύραννοι
706 2459 816 2543 σοφῶν
838 2457 1003 2546 συνουσίφ.
1047 2455 1129 2541 ἔχων
1150 2450 1208 2522 σίν
1224 2455 1325 2522 ου’τόν
1339 2453 1425 2540 ἔχειν
1448 2452 1522 2519 έπέ-

421 2579 528 2621 ττειστο
557 2559 613 2621 καί
631 2559 750 2644 σοφίαν
781 2558 860 2625 κατὰ
897 2559 1017 2625 ταδτίν
1047 2553 1214 2643 ἑκατέραν,
1244 2555 1300 2640 την
1320 2580 1352 2620 τε
1368 2555 1524 2642 ‘Eiidem

380 2656 509 2741 pappus*
527 2659 585 2720 κατ’
607 2659 778 2722 Λατίνων·
830 2661 932 2736 δεξιός
964 2657 1025 2742 γὰρ
1053 2664 1086 2723 ἐν
1118 2668 1181 2734 τοῖς
1211 2655 1351 2738 μα’λιστα
1378 2662 1433 2722 ταί
1452 2656 1525 2720 καθ’
1621 2647 1627 2658 ’

422 2751 579 2838 ἑκατέραν
601 2765 719 2843 σοφίαν
740 2763 794 2824 κατ’
811 2763 950 2841 γλῶτταν
973 2760 990 2822 d
1009 2763 1040 2824 Γ
1036 2760 1165 2845 ια”ργιος
1190 2751 1236 2843 η’ν.
1279 2758 1379 2847 ταίτη
1405 2778 1451 2822 τοι
1473 2758 1527 2822 καί

424 2859 526 2942 ἡδέως
549 2860 654 2924 αὐτοῦ
682 2853 797 2942 ἢκουσε
830 2863 1055 2944 διαλεγομένου
1076 2858 1181 2944 συχνοὶ
1211 2868 1274 2935 τοῖς
1295 2861 1444 2926 Λατίνων
1465 2879 1525 2922 σο-

427 3145 483 3191 rem
502 3145 607 3207 partem
624 3140 658 3191 ad
678 3154 769 3192 eornm
793 3139 930 3206 conterret
949 3138 1101 3192 libertatern
1120 3148 1148 3192 ot
1164 3139 1234 3193 aiios
1258 3154 1351 3192 sacrae
1373 3139 1521 3207 scripturae

429 3211 581 3278 praeceptis
610 3210 804 3263 adhortaretur.
848 3212 1022 3279 praecipuum
1047 3211 1117 3263 enim
1145 3219 1172 3263 et
1195 3212 1335 3263 marimum
1359 3211 1473 3264 studium
1498 3212 1526 3262 iu

430 3296 461 3332 ao
488 3279 659 3347 collocabat,
685 3289 714 3333 ut
739 3282 904 3336 christianos
930 3282 957 3333 in
981 3285 1065 3335 sacris
1092 3282 1217 3335 eeclesiis
1244 3289 1422 3351 congregatos
1448 3294 1527 3350 qunot

430 3351 497 3404 alias
516 3352 659 3420 religionis
674 3353 750 3422 leges
769 3355 888 3418 doceret,
907 3362 960 3405 tum
981 3355 1094 3405 maxime
1107 3361 1248 3417 moneret,
1267 3354 1391 3420 inopibus
1409 3366 1529 3405 summo-

431 3437 496 3489 pere
517 3425 734 3491 prospiciendum
754 3433 781 3476 et
800 3424 991 3491 providendum
1013 3441 1082 3477 esse.
1120 3439 1202 3493 quare
1221 3424 1319 3475 factum
1339 3431 1394 3487 est,
1419 3431 1450 3474 ut
1471 3424 1528 3475 eius

432 3508 514 3561 opera
534 3502 590 3546 tota
611 3493 699 3546 insula
718 3496 920 3548 misericordiae
939 3504 1019 3564 atque
1037 3496 1098 3548 tidei
1121 3497 1196 3565 quasi
1214 3493 1347 3562 palaestra
1367 3501 1456 3562 pateat
1472 3492 1528 3545 ibi.

432 3581 483 3634 que
500 3567 615 3617 maxima
626 3569 661 3618 sit
673 3568 836 3635 captivorum
849 3567 968 3619 libertas.
988 3568 1015 3618 iu
1033 3567 1089 3619 iilis
1109 3566 1176 3619 iooia
1195 3573 1257 3619 aunt
1276 3566 1353 3617 etiam
1365 3565 1528 3633 segispree-

432 3635 473 3687 dia
495 3637 630 3706 sedesque
649 3646 729 3706 atque
748 3639 981 3705 splendidissimae
999 3640 1056 3690 eius
1076 3647 1103 3690 et
1120 3637 1316 3706 pulcherrimae
1335 3637 1434 3701 aedes,
1459 3635 1529 3706 quod

433 3704 480 3758 illu
499 3721 563 3774 pars
582 3708 687 3760 insulae
708 3711 864 3761 amoeniore
885 3710 982 3776 gaudet
1001 3711 1071 3761 aeris
1091 3711 1221 3778 temperie
1241 3716 1268 3759 et
1284 3709 1441 3761 iucundiore
1465 3708 1527 3760 situ.

434 3781 561 3845 φορείτω
582 3779 739 3850 frequenter
758 3797 791 3832 ex
812 3782 962 3849 propinquo
981 3781 1014 3832 ad
1034 3796 1093 3832 eum
1112 3779 1238 3834 seniebat
1257 3779 1529 3850 Georgiuabapithas,

434 3851 478 3915 qui
497 3865 598 3901 summa
617 3852 686 3919 apud
706 3867 764 3904 eum
780 3855 934 3904 reuerentia
953 3859 1031 3919 atquo
1051 3852 1154 3904 honore
1169 3850 1305 3904 fruebatur
1323 3868 1402 3921 quum
1421 3859 1530 3919 propter

433 3919 588 3987 dignitatem
605 3930 660 3973 tum
679 3931 788 3990 propter
805 3924 975 3990 sapientiam,
991 3938 1043 3991 qua
1059 3926 1175 3976 omnium
1194 3925 1307 3974 maxime
1317 3924 1451 3992 praeditus
1462 3931 1528 3974 erat.

349 4009 351 4018 ·
434 4006 481 4042 rex
500 3993 582 4044 etiam
602 3995 661 4061 ipse
680 3994 852 4062 philosophia
872 3995 1025 4047 Latinorum
1044 3994 1113 4046 haud
1132 3995 1303 4048 mediocriter
1322 4001 1380 4046 erat
1397 3994 1530 4055 imbutus;

321 4121 323 4128 Ι
434 4062 478 4113 sed
506 4079 666 4133 quamquam
697 4081 729 4116 ea
754 4067 785 4117 do
811 4081 891 4118 eausa
916 4081 1022 4132 semper
1046 4065 1173 4133 plurimos
1195 4067 1354 4133 sapientium
1379 4064 1530 4116 Latinorum

434 4133 530 4186 circum
549 4151 580 4186 τε
600 4134 723 4200 habebat,
742 4138 827 4206 magis
845 4144 931 4188 tamen
951 4136 1132 4189 delectabatur
1142 4136 1251 4205 Georgii
1271 4134 1433 4187 humanitate
1450 4141 1530 4202 atque

435 4207 638 4258 cousuetudine.
659 4208 811 4274 „sapientes
830 4209 909 4272 enim,
920 4208 1025 4276 inquit,
1043 4209 1148 4274 tyranni
1167 4206 1326 4274 sapientium
1344 4205 1530 4257 commorunt*

438 4290 494 4327 euro
514 4279 598 4344 igitur
616 4293 696 4346 quum
719 4294 808 4332 secum
828 4279 949 4342 haberet,
968 4279 1095 4332 adductus
1115 4288 1165 4343 est,
1185 4275 1532 4343 ututramquopariteraa-

438 4347 562 4412 pientiam
584 4349 636 4400 sibi
659 4358 774 4415 pararet,
792 4351 953 4403 Graecorum
972 4348 1079 4402 scilieet
1096 4358 1124 4401 et
1139 4349 1301 4402 Latinorum.
1321 4345 1452 4413 Georgius
1463 4349 1532 4398 enim

437 4419 612 4482 peritissimus
634 4429 693 4472 erat
710 4422 848 4489 utriusque
867 4421 1016 4486 sapientiae
1035 4437 1066 4471 sc
1085 4419 1202 4488 linguae.
1232 4431 1313 4485 quaro
1332 4415 1455 4468 audiebat
1473 4432 1533 4469 eum

428 4489 618 4544 ‘rexlubeater
636 4505 726 4544 eoram
744 4506 775 4545 ae
793 4507 875 4560 saepe
896 4491 1073 4557 disputantem
1094 4506 1153 4543 oum
1171 4486 1336 4558 sapientibus
1344 4487 1454 4555 Latinis,
1466 4502 1533 4560 qnos
