4000 5392
510 615 584 699 ndi
812 627 1035 698 nicsunom
1067 623 1296 696 cnaeonsn

509 790 690 879 σννύφειαν
712 788 830 874 μεταξύ
860 789 1010 876 σχετικήν
1039 789 1191 872 αύδεμίαν
1222 791 1242 872 ἦ
1265 783 1412 873 λευκότης
1437 785 1504 872 ἔχει
1527 787 1606 871 πρὸς

510 893 544 960 τὸ
565 895 761 977 αἰσθητικόν,
783 893 962 976 α’ναγκοιίος
982 893 1194 977 ἐφελκομένην
1226 889 1264 954 τοὶ
1283 883 1367 970 ύκρα
1389 890 1469 973 πρύς
1491 883 1606 975 ἓιιοτήν

510 990 704 1080 (ἑτερογενὲς
723 991 784 1077 γὰρ
807 989 955 1074 ἑκάτερον
971 990 1151 1079 ἑκατέρου),
1173 985 1272 1068 ούτως
1292 985 1360 1055 ούιί
1382 993 1450 1055 ἐκεῖ
1467 992 1548 1076 πρὸς
1572 992 1605 1057 τὸ

440 1106 496 1160 ΙΙ
508 1101 563 1180 τής
584 1095 697 1170 σύσίας
711 1094 829 1181 σ’μερὲς
849 1096 884 1159 τύ
901 1089 1003 1178 ήκιστ’
1024 1091 1109 1177 ἔχειν
1125 1094 1291 1168 ούσιούύεις
1305 1094 1475 1178 διαφοράς.
1498 1091 1605 1159 ἔπειτα

508 1201 563 1264 καί
583 1195 640 1282 τήν
661 1199 753 1262 θείαν
776 1195 890 1260 ούσιόν
914 1198 1084 1281 διαφέρειν
1104 1190 1275 1280 φάσκοντες
1295 1196 1357 1258 τῶν
1375 1216 1408 1257 τε
1429 1197 1630 1276 ἑγκοσμίιονῡ

508 1297 564 1364 καί
584 1297 802 1380 ύπερκοσμίοον
838 1299 948 1361 πασῶν
979 1297 1114 1376 ον’σιιὸν,
1133 1295 1261 1383 ον’ύαμῇ
1286 1298 1329 1381 τῷ
1357 1295 1475 1378 ταύτης
1495 1297 1611 1376 α’μερεῖ

507 1402 717 1482 ἐνοχλοῦμεν·
761 1400 880 1482 ταύτης
899 1397 961 1481 γὰρ
995 1396 1029 1461 τὸ
1053 1398 1167 1478 σ’μερὲς
1196 1395 1235 1458 ον’
1258 1392 1339 1460 κιττοὶ
1365 1390 1475 1470 τύςίν
1498 1393 1607 1482 κύσμιρ

506 1497 624 1574 τούτοις
646 1494 786 1581 ύτύμονς
808 1501 894 1564 ἐστίν
915 1497 1028 1574 ούσιάς
1052 1493 1191 1583 Ι(η’λίίὶιον
1213 1495 1275 1579 γάρ
1297 1495 1353 1560 καί
1372 1503 1453 1580 νοεῖν
1475 1499 1532 1561 καί
1553 1499 1607 1560 λί-

506 1625 572 1686 γειν
600 1599 719 1685 τουτί),
752 1601 821 1665 ἀλλ’
853 1594 902 1663 ὅτι
925 1598 1148 1679 σ’σούματύντε
1177 1601 1231 1664 καί
1251 1591 1365 1680 ιῖογιιον
1392 1597 1448 1662 καί
1467 1586 1607 1681 ἄναρχον

507 1700 562 1766 καί
584 1701 821 1788 α’περίγραπτον
849 1702 905 1763 καί
934 1695 1128 1782 ύπερούσιον
1163 1701 1217 1762 καί
1238 1695 1362 1762 πάντων
1396 1693 1520 1782 ήκιστιι,
1535 1696 1603 1781 ὅρι-
1616 1703 1646 1758 10

506 1806 599 1880 σμοῖς
618 1803 673 1864 καί
692 1808 858 1883 μερισμοῖς
874 1807 1030 1881 τεχνικοῖς
1055 1795 1238 1878 ύποπϊπτον,
1253 1796 1332 1881 πλήν
1353 1799 1384 1862 εἰ
1404 1794 1448 1881 μή
1472 1796 1526 1863 cisni
1549 1799 1606 1882 τήν

508 1903 552 1987 τῷ
577 1901 657 1986 dep
678 1903 839 1988 Βοσιλείρ
860 1897 1210 1983 σνγκαιαβοτικούτερον
1232 1903 1291 1982 μέν
1310 1923 1378 1966 τινα
1401 1901 1526 1984 τρόπον,
1548 1903 1606 1979 ίμ-

508 1997 696 2085 φιλοσύφοος
717 2001 745 2063 δ’
769 1992 826 2064 σύν
847 1999 904 2064 καί
922 2005 989 2064 κατ’
1010 1999 1186 2084 ἐπιστήμην
1205 1999 1443 2086 ἑξενηνεγμίνην
1457 2003 1605 2087 σ’ποφαν-
1646 2061 1647 2066 ,

507 2096 596 2183 τικήύ
625 2099 740 2187 ῥήσιν,
764 2100 815 2181 ᾗιύς
838 2102 893 2166 tui
921 2107 977 2186 τής
997 2101 1101 2187 ύπλής
1123 2104 1178 2167 καί
1198 2101 1370 2184 α’σοομιίτον
1401 2104 1529 2188 φύσεως
1551 2099 1636 2170 τίν’
1699 2137 1700 2140 ¹

482 2199 606 2266 ndcn'n
628 2199 648 2284 ή
671 2201 766 2267 ούσία
788 2203 827 2289 τῇ
849 2202 989 2290 ἐνεργείᾳ
1010 2206 1136 2283 δέχεται
1156 2199 1271 2285 λύγον,
1293 2203 1375 2288 φαίη
1397 2226 1444 2278 τις
1468 2199 1508 2267 ἂν
1532 2202 1603 2287 ὅρι-
1615 2213 1645 2266 15

385 2300 638 2382 ῐ.179τ.ζύμενος
658 2300 701 2376 nic
723 2300 855 2387 πρᾶγμά
876 2326 910 2385 με
931 2301 980 2386 εἴη
1001 2302 1233 2390 πύθύπορκτον
1265 2303 1282 2386 ή
1307 2305 1399 2368 ούσίιι
1418 2305 1463 2387 μή
1488 2308 1605 2388 δεύμε-

441 2414 498 2466 10
509 2425 560 2468 νον
587 2397 695 2484 ἑτέρον
724 2401 803 2486 πρὸς
836 2400 999 2470 σύστασιν.
1058 2407 1160 2494 ἐκείνη
1192 2403 1252 2488 γὰρ
1288 2405 1368 2493 μόνη
1386 2407 1435 2492 ’τῇ
1457 2408 1531 2495 θείᾳ
1552 2408 1607 2472 καί

509 2500 711 2590 ἁπλουστάτη
742 2502 840 2589 φύσει
866 2502 921 2568 τόν
954 2509 1098 2570 τοιοῦτον
1129 2501 1299 2589 προσήκειν
1330 2508 1438 2591 φαμὲν
1461 2503 1606 2587 ὁρισμόν,

429 2633 435 2640 ·
508 2597 600 2691 ἑτέρᾳ
624 2605 653 2668 d’
675 2605 808 2694 ούίεμιᾷ
831 2607 893 2669 τῶν
915 2607 1046 2670 κτιστύν
1075 2601 1216 2670 sinendi.
1267 2602 1413 2670 σύνθετοι
1433 2603 1495 2689 γύρ
1518 2604 1606 2671 dnu-

508 2729 576 2785 σαι,
599 2707 662 2770 πᾶν
678 2707 714 2770 di
735 2706 889 2771 niedseor
921 2708 957 2770 ίκ
978 2705 1147 2792 διαφόρων
1167 2704 1234 2788 ἔχει
1256 2703 1290 2772 τύ
1312 2698 1414 2770 είναι·
1466 2696 1510 2770 ὧν
1530 2703 1646 2771 iss-20

508 2831 569 2871 στα
590 2809 692 2871 δεῖται
708 2804 864 2889 α’λλήλονν.
917 2809 974 2870 ούκ
997 2801 1042 2870 cim
1057 2799 1112 2869 σύν
1135 2808 1267 2872 σι’νενίειὶ
1289 2803 1338 2891 εἴη
1370 2798 1442 2871 ούτε
1463 2803 1501 2871 τύ
1522 2810 1605 2892 μέρη

509 2899 582 2971 ούθ’
604 2901 677 2970 ὅλον
697 2909 731 2983 ἐξ
752 2908 866 2971 didesia
888 2905 1179 2992 συμπληρούμενον.
1233 2911 1323 2993 σοφή
1352 2904 1415 2990 γύρ
1444 2906 1501 2992 τήν
1524 2906 1606 2978 cini-

508 3010 606 3086 δειξιν
625 3004 695 3089 ἔχει
713 3008 771 3070 τού
804 3006 879 3092 πρίν
909 3012 966 3093 τής
987 3004 1128 3074 ἑκύστοον
1151 3006 1278 3073 ἐκείνων
1299 3008 1482 3095 προσθήκης
1504 3007 1606 3086 ἐνδεὲς

508 3313 724 3369 coniunctionem
743 3330 812 3386 qnae
831 3329 931 3368 snmus
949 3316 997 3370 ills
1018 3331 1067 3385 per
1094 3332 1124 3371 se
1152 3317 1184 3370 sd
1203 3331 1308 3370 sensum
1329 3315 1416 3370 trahat
1434 3315 1535 3370 nnllam
1552 3316 1603 3369 lus.

513 3387 569 3450 liet,
588 3387 723 3439 diversum
743 3388 813 3440 enim
833 3396 988 3457 utrumqne,
1013 3389 1049 3440 ita
1076 3402 1164 3470 n5que
1187 3389 1220 3440 ad
1240 3387 1420 3441 essentinlitec
1441 3389 1603 3455 impertitum
1649 3377 1652 3392 '

494 3474 570 3511 «τετε
588 3465 691 3526 spectat
708 3460 817 3511 minime
844 3459 944 3512 habere
970 3461 1127 3512 essentiales
1149 3461 1303 3514 varietates.
1341 3461 1402 3512 dein
1421 3460 1537 3512 divinans
1557 3475 1603 3510 es.

507 3530 620 3584 seutiam
639 3529 747 3582 diliecre
765 3531 885 3582 dieentes
911 3531 944 3583 ab
963 3531 1128 3584 naturalibus
1156 3539 1183 3582 ct
1203 3530 1457 3598 'supernaturalibus
1482 3531 1602 3582 omnibns

508 3601 648 3664 essentiis,
677 3601 795 3653 eiusdem
814 3603 974 3669 impartitum
993 3604 1101 3654 minime
1123 3605 1275 3669 premimus.
1312 3603 1472 3669 impertitum
1492 3609 1603 3654 estnon

507 3672 653 3724 secuudum
671 3670 719 3724 has
738 3673 766 3724 in
784 3674 882 3724 mundo
900 3673 1075 3725 elementaies
1088 3675 1227 3726 essentias.
1264 3673 1373 3725 stultum
1395 3681 1435 3726 cst
1450 3672 1501 3733 hoc
1524 3674 1602 3742 cogi.

507 3749 566 3794 ιντο
583 3751 630 3794 aut
647 3742 756 3806 dicere,
773 3744 821 3796 sed
840 3744 911 3812 qnod
929 3745 1117 3812 incorporeum
1134 3754 1161 3797 et
1179 3744 1355 3797 immateriale
1374 3752 1401 3795 et
1419 3752 1556 3796 aeternum
1576 3753 1604 3796 ct

508 3814 672 3866 indefinitum
693 3821 720 3865 et
737 3815 1003 3881 supersubstantiale,
1014 3825 1041 3868 ct
1060 3815 1142 3868 nuliis
1160 3817 1267 3867 omnino
1287 3816 1383 3867 fluibus
1401 3823 1428 3866 et
1445 3816 1511 3868 actis
1529 3815 1602 3866 divi.

507 3884 626 3937 sionibus
645 3884 788 3936 nbunxinrn
808 3894 858 3937 est.
895 3887 946 3937 nisi
967 3895 1077 3954 propter
1096 3887 1301 3954 explicationem
1320 3887 1351 3938 li.
1372 3885 1464 3938 Basilii
1487 3885 1520 3936 ad
1540 3885 1602 3952 put.

506 3954 657 4023 lnsophism
677 3962 704 4006 et
722 3956 868 4008 doctrinam
887 3958 972 4027 magis
990 3959 1232 4021 accommodatum,
1249 3959 1277 4009 in
1295 3956 1409 4025 simplici
1430 3963 1457 4008 et
1473 3957 1617 4023 ἰιιοοιρο.Χ

507 4040 554 4077 rea
573 4035 665 4079 natura
687 4028 829 4078 essentiam
855 4030 965 4079 eandem
989 4031 1016 4080 vi
1044 4045 1092 4081 sua
1111 4030 1291 4081 definitionem
1310 4030 1450 4096 accipere,
1470 4029 1601 4096 quispiam

506 4097 663 4149 deliniturus
681 4096 793 4161 dixerit,
814 4099 955 4150 essentium
974 4115 1035 4151 esse
1056 4117 1110 4152 rem
1131 4116 1180 4167 per
1202 4115 1233 4151 ee
1254 4101 1422 4163 existentem,
1441 4113 1494 4150 nnn
1516 4099 1601 4151 altero

507 4168 539 4220 sd
559 4168 727 4219 existentiam
746 4183 813 4236 opus
833 4167 982 4220 habentem.
1028 4171 1080 4222 soli
1101 4174 1169 4222 cuim
1197 4172 1304 4223 divinae
1323 4170 1364 4222 illi
1385 4179 1412 4222 et
1430 4168 1601 4235 simplicissi.

506 4253 565 4290 nise
583 4245 694 4290 saturne
709 4239 790 4291 talem
808 4255 869 4290 esse
882 4240 1062 4293 definitionem
1080 4243 1201 4306 dicimus,
1219 4241 1297 4294 nltcri
1316 4242 1433 4292 omnium
1452 4247 1602 4293 creatorum

508 4309 586 4362 nulli.
624 4312 788 4376 compositae
817 4313 887 4362 enim
915 4326 1016 4363 omues.
1055 4327 1132 4365 οιοτιε
1159 4323 1246 4366 autem
1266 4313 1440 4379 compositum
1467 4312 1601 4364 escariis

508 4379 590 4433 hebet
611 4394 681 4442 esse,
699 4379 810 4433 nlterum
831 4382 916 4432 altero
942 4382 1054 4450 indiget.
1091 4400 1144 4436 non
1165 4385 1248 4454 igitur
1267 4384 1439 4450 unnindipae
1458 4390 1520 4434 sunt
1538 4397 1602 4449 pac.

419 4445 426 4464 ⁸
508 4457 550 4502 tes
566 4465 617 4503 nec
634 4456 718 4502 totum
742 4467 776 4504 ex
794 4452 891 4520 indigis
911 4456 1095 4521 compositum.
1132 4464 1250 4522 apertum
1270 4454 1528 4522 enimargumentum
1552 4453 1602 4504 ba-

508 4521 564 4590 unt
582 4536 614 4577 ιο
631 4528 712 4576 antes
730 4525 846 4578 ensium
866 4523 971 4580 illorum
990 4527 1155 4604 secessionis
1177 4527 1261 4581 luisse
1279 4526 1396 4595 indigum
1409 4523 1444 4578 'et
1461 4523 1539 4578 simul
1557 4525 1601 4592 in.
