4000 5392
1485 375 1515 398 Q

556 562 773 630 uurournu
802 560 1057 628 namuurum:
1070 547 1251 630 τωο.
1274 548 1341 632 ti.
1431 550 1478 630 tt

426 727 510 805 μιένοι
527 715 574 808 τῆς
597 724 693 808 κη’σου
716 725 826 806 κάμας
847 725 900 788 καί
921 731 1079 798 πολιτείας
1101 729 1157 790 καί
1183 724 1289 802 πόλεις
1308 730 1481 811 γεγένηται.

423 822 465 886 καί
477 829 524 902 μὲν
543 824 578 911 δὴ
607 824 662 890 καί
684 824 831 910 ε’θεοδμην
850 826 882 890 τά
918 829 979 890 πᾶν
1002 829 1072 892 ἐκεί
1088 832 1177 909 γένος
1201 831 1258 910 τῆς
1278 829 1386 911 κη’σου,
1401 826 1483 892 Ῥω·
1513 873 1517 876 -

420 925 506 1003 μείους
525 916 628 1006 ὄντας,
659 925 757 1014 σ’λίγηι
790 929 852 992 δέω
882 931 999 1008 λέγειν,
1032 929 1088 991 καί
1117 927 1176 1011 την
1197 930 1251 1011 τῆς
1274 926 1409 1009 πσεριόυ
1429 929 1484 990 πί-

419 1048 492 1102 στιος
515 1027 675 1107 ου’σέβειαν
694 1031 830 1108 βεβαιάν
857 1031 891 1092 ta
910 1029 1065 1123 διαδοχῆς
1085 1027 1140 1093 άεί
1165 1031 1387 1112 κεκτημένους·
1431 1026 1486 1090 καί

399 1140 457 1206 ομιτ
471 1131 638 1217 βουλομένῳ
654 1151 691 1210 γε,
711 1121 750 1210 ἦν
765 1131 892 1192 πλείονα
902 1123 1019 1210 χρόνον
1032 1130 1101 1192 έκεϊ
1117 1129 1355 1212 διατετριφέναι
1374 1132 1484 1192 πλείο-

413 1250 451 1304 νος
475 1227 552 1294 ἕνεκα
576 1232 600 1269 ’ί
621 1232 677 1292 καί
706 1233 896 1312 τελεωτέρας
927 1233 992 1292 τάν
1017 1231 1087 1294 δκεί
1112 1228 1309 1312 πραγμάτων
1331 1225 1513 1311 iunoniam.
1533 1244 1621 1306 tou,

410 1329 462 1392 αλλ’
479 1329 624 1414 Ιιίνεσάβει
655 1354 710 1410 μοι
742 1327 798 1410 την
832 1330 986 1413 βούλησιν
1015 1327 1033 1392 δ
1065 1332 1237 1415 τηνικαῦτα
1265 1328 1483 1410 μελπόμενος

410 1426 528 1512 δίροβος
551 1433 616 1492 τοῖν
632 1452 665 1493 τε
689 1425 868 1493 interveni
888 1433 952 1492 τοῖν
975 1431 1046 1494 ἐκεί
1053 1433 1287 1512 στρατιωτικῶν
1309 1429 1485 1508 δυνάμεων.

405 1521 436 1610 ηέ
450 1525 504 1612 γάρ
536 1527 674 1610 ἦνῆσος
703 1531 737 1592 ia
767 1531 889 1592 πολλοῦ
922 1537 1106 1614 συμφοραῖς
1127 1528 1361 1611 ε’ντετυχηκυία,
1380 1527 1421 1591 δι’
1445 1521 1484 1604 άς

372 1634 568 1703 ίοΛατινιεοῖς
590 1625 705 1712 ὅπλοιςΙ
721 1626 923 1693 δουλεάσασα
947 1631 989 1718 τῷ
1008 1632 1063 1712 τῆς
1084 1632 1237 1703 Βενετίας
1260 1623 1404 1708 δπέκυψε
1424 1630 1484 1712 δη-

395 1730 483 1818 μοσίηι
504 1728 734 1812 προστάγματι.
778 1724 853 1812 άρτι
874 1733 979 1796 τοίνυν
1002 1729 1110 1816 φήμης
1131 1733 1278 1814 χεδείσης
1300 1730 1355 1792 έπί
1378 1730 1484 1794 πάσσε

395 1823 514 1912 ηἰιειράν
532 1853 567 1893 τε
589 1831 647 1894 καί
661 1833 755 1911 νῆσον
780 1829 823 1904 uic
845 1827 874 1894 oi
888 1827 924 1895 τὸ
939 1834 970 1895 Γ
968 1830 1180 1912 αλατοδνυμον
1200 1831 1359 1905 οἰκοῦντες
1380 1829 1483 1915 φρυά-

392 1951 454 2012 ριοε
474 1930 688 2012 ἀστυγείτονες
711 1931 741 1994 Γ
739 1939 908 2011 εννουῑται,
931 1929 1250 2013 παρασπονδησυντές
1271 1952 1303 1992 τε
1327 1931 1383 1992 καί
1401 1933 1484 1993 δπα-
1512 2004 1515 2008 A

391 2027 552 2103 cantuarae
572 2037 638 2103 τοῖς
651 2029 851 2109 Βυζαντίοις,
865 2033 949 2115 σφοῖς
960 2053 992 2095 τε
1016 2031 1282 2112 ναυμαχήσαντες
1302 2027 1482 2113 νενικήκασι

355 2136 380 2190 ii
387 2135 437 2194 καί
456 2125 524 2210 άμα
547 2127 712 2214 θαλάσσης
736 2126 810 2213 ὅλης
833 2129 1289 2213 ἡγεμονίανάνειροπὸλησαν,
1310 2128 1352 2203 cic
1372 2132 1483 2212 μηκέτι

385 2228 461 2314 μήτε
489 2227 662 2305 καδεκτοδς
697 2224 778 2295 eiam
808 2228 888 2314 μήτε
916 2233 980 2313 μην
1012 2226 1081 2295 οὔδ’
1109 2227 1285 2314 άμοράλοις
1309 2225 1357 2293 ἔτι
1377 2233 1484 2307 μένειν

385 2329 574 2404 ἐνσπόνδους
596 2329 735 2409 ἐθέλειν,
766 2328 846 2394 uilici
877 2327 1019 2414 σκληράν
1047 2328 1103 2393 καί
1130 2321 1195 2394 οἷον
1217 2332 1316 2394 είπεῖν
1336 2323 1485 2410 ἡγεμονι-

385 2427 439 2512 κη“ν
460 2427 518 2512 την
553 2426 658 2514 σ’φράν
687 2425 767 2494 κατά
791 2427 917 2494 πάντων
949 2423 1020 2493 ὅσοι
1047 2427 1220 2492 θαλάττιον
1240 2430 1394 2509 βόσκουσι
1415 2425 1485 2506 βίον

385 2531 672 2610 ίπανστείνασθαι,
695 2533 903 2613 τσραχδῆναί
927 2553 961 2594 τε
985 2523 1041 2594 σάν
1064 2525 1200 2604 πολλοάς
1230 2524 1282 2592 διά
1306 2527 1408 2615 ταῦτα
1430 2527 1487 2591 καί

345 2627 511 2695 muriam
531 2627 673 2711 μάλιστα
695 2625 893 2712 Βενετικοάς,
913 2628 1056 2712 μεγάλας
1076 2631 1136 2709 μὲν
1159 2628 1326 2711 λξαρτάετν
1349 2630 1382 2692 έν
1401 2632 1485 2712 βρα-

384 2739 439 2814 χεῖ
455 2728 607 2804 ναυτικάς
629 2731 827 2813 δυναμένους
847 2731 1017 2810 δυνάμεις,
1035 2734 1117 2812 μέγα
1140 2730 1174 2793 δὲ
1206 2726 1260 2792 διά
1286 2730 1378 2792 τοῦτο
1401 2749 1485 2816 φρο-

385 2839 448 2895 νείν
468 2827 613 2913 ἔχοντας,
636 2827 746 2896 ἔπειτα
769 2829 857 2914 παρά
889 2829 983 2911 δόξαν
1012 2827 1065 2894 εἶπ’
1088 2830 1217 2895 ἐκείνων
1238 2821 1300 2915 ἤδη
1321 2833 1486 2912 κωλυομέ-

386 2935 512 3007 νουςές
540 2930 598 2998 τάν
629 2923 694 2998 άνοο
719 2933 817 2998 τόπον
849 2934 906 3000 κατ’
927 2929 984 3017 τίγν
1009 2933 1161 2999 Μαιάτιν
1184 2933 1240 2996 καί
1267 2929 1326 3005 τάς
1354 2929 1485 3013 ἐκβολάς

387 3185 485 3238 ritatea
504 3184 640 3253 nrbeaqne
661 3200 742 3254 qnam
759 3185 869 3250 adirem,
889 3192 972 3239 totnnr
990 3201 1077 3256 genna
1097 3186 1251 3252 hominum,
1276 3188 1347 3256 qnod
1371 3184 1484 3239 inanlam

387 3254 490 3322 incolit,
613 3309 614 3312 ,
1106 3258 1239 3312 llomanoa
1258 3273 1318 3310 crae
1337 3265 1364 3310 ct
1381 3258 1484 3325 patriae

386 3328 448 3380 lidei
469 3329 632 3395 pictatcma
656 3328 799 3381 maioribus
813 3344 907 3397 tuaque
933 3329 1055 3381 traditam
1078 3336 1232 3382 constanter
1258 3331 1328 3380 tucri
1357 3329 1483 3398 cognovi.

386 3397 450 3449 inihi
469 3398 577 3466 quidem
597 3399 624 3450 in
643 3391 731 3451 animo
752 3408 824 3464 erat,
842 3414 895 3468 quo
914 3400 1071 3468 diligentius
1090 3409 1118 3451 ct
1134 3400 1284 3452 accuratius
1310 3398 1416 3452 inaulae
1440 3415 1484 3449 rea

388 3468 567 3535 explorarem,
587 3467 694 3540 longina
714 3470 750 3522 ibi
769 3473 872 3539 tenipus
893 3471 1065 3533 commorari,
1084 3471 1133 3523 aed
1150 3471 1183 3522 ab
1202 3469 1254 3521 hoc
1273 3471 1412 3537 properito
1434 3469 1484 3520 tle.

387 3539 507 3593 turbatur
525 3555 583 3590 aum
602 3555 732 3592 armornm
753 3541 928 3608 militumque,
948 3543 993 3610 qui
1013 3550 1066 3593 tum
1086 3542 1122 3593 ibi
1132 3539 1283 3608 parabatur,
1296 3540 1420 3591 tumultu.
1439 3540 1484 3590 in.

388 3609 446 3662 anla
465 3611 537 3661 enirn
556 3612 608 3662 iam
628 3612 672 3664 din
691 3613 719 3663 in
745 3612 910 3665 calamitates
934 3613 1083 3677 inciderat,
1109 3620 1221 3680 proptor
1246 3625 1311 3679 quaa
1332 3611 1484 3663 latinorum

387 3682 466 3733 arnoia
485 3680 596 3733 aubacta
616 3681 735 3734 Venetae
755 3683 920 3751 reipublicae
949 3685 1063 3752 imperio
1087 3699 1117 3735 ac
1139 3682 1270 3735 aubmiait.
1319 3698 1398 3753 quum
1416 3696 1483 3734 vcro

387 3753 464 3804 modo
486 3767 568 3820 anper
588 3761 667 3804 totam
687 3754 868 3805 continentem
891 3753 1049 3807 ct‘inauiaru
1069 3769 1158 3805 rumor
1177 3754 1313 3820 dispcraua
1335 3762 1416 3819 ercet,
1429 3753 1484 3808 oe.

387 3837 515 3886 nuenara,
534 3825 580 3891 qui
600 3823 708 3877 Galatae
727 3832 821 3876 tcncut
840 3823 979 3877 castellum
999 3827 1027 3876 in
1046 3824 1118 3875 urbia
1138 3824 1286 3888 vicinitate,
1306 3824 1416 3879 foedere
1435 3840 1484 3877 ru.

389 3901 433 3960 pto
455 3902 482 3945 et
499 3892 653 3946 rebellione
676 3895 744 3946 iacta
763 3895 908 3961 Byzantion
927 3895 1032 3962 proelio
1051 3893 1141 3947 navali
1161 3896 1260 3948 uicinae
1281 3903 1308 3945 ct
1326 3898 1408 3948 totiua
1426 3910 1485 3968 mag·

389 3965 424 4016 ria
444 3967 587 4032 imperium
608 3967 760 4030 romnierc,
786 3976 815 4018 ut
833 3981 921 4036 neque
941 3967 1062 4018 coerceri
1082 3977 1193 4033 portent
1211 3981 1300 4033 neque
1318 3984 1354 4019 ne
1373 3967 1483 4019 foedere

389 4036 493 4103 quidem
514 4051 573 4086 cum
594 4035 769 4105 popularibus
788 4038 879 4088 iuncto
899 4045 969 4088 etarc
981 4035 1095 4100 vellent,
1115 4037 1163 4090 aed
1179 4035 1295 4105 aupcrlra
1314 4039 1441 4105 quaedam
1458 4044 1486 4088 et

388 4113 415 4156 nt
435 4109 472 4159 ita
493 4107 581 4159 dicum
607 4109 779 4175 imperatoria
799 4107 944 4175 supercilia
969 4108 1098 4160 adveraua
1124 4122 1238 4171 ornnea,
1258 4106 1304 4173 qni
1329 4108 1484 4160 maritimam

358 4219 360 4230 ,
388 4186 468 4246 agunt
488 4180 583 4242 vitam,
603 4193 668 4245 prae
687 4195 717 4229 ac
737 4179 847 4242 lerrent,
870 4179 920 4230 hac
939 4195 973 4250 rer
989 4185 1018 4229 ct
1036 4178 1083 4229 alii
1101 4177 1177 4229 multi
1198 4176 1349 4229 conturbati
1376 4184 1437 4229 aunt
1459 4186 1486 4229 et

387 4251 530 4316 praecipue
542 4248 651 4313 Veneti,
671 4250 727 4318 qui,
746 4263 900 4317 quamquam
914 4250 990 4301 bravi
1004 4257 1125 4316 tempore
1143 4264 1252 4316 magnae
1266 4248 1357 4312 copiae
1374 4247 1485 4299 navalea

388 4335 517 4374 exornare
537 4329 623 4389 atque
642 4320 743 4371 idcirco
764 4319 832 4371 haud
853 4321 1003 4373 mediocres
1022 4319 1073 4388 eibi
1091 4319 1200 4385 spiritua
1219 4331 1325 4369 comere
1344 4324 1485 4384 poterant,

387 4397 436 4443 turn
452 4397 565 4461 praeter
589 4391 746 4458 opinionem
765 4389 798 4442 ab
819 4391 874 4444 illia
901 4393 952 4443 iam
970 4390 1092 4458 impediti
1112 4397 1203 4452 amnt,
1227 4387 1367 4456 quominua
1385 4389 1413 4440 in
1437 4405 1485 4442 an.

385 4464 504 4528 ρετίοεεο
523 4464 660 4532 regione·
680 4469 707 4512 et
723 4459 810 4513 lacum
830 4461 987 4518 liaeotirlcrn
1017 4468 1043 4511 et
1067 4459 1100 4510 ad
1125 4461 1196 4512 oatia
1213 4457 1342 4511 Tanalrlia
1365 4473 1413 4527 pro
1437 4475 1485 4515 ann
