4000 5392
368 422 442 497 uno
663 393 892 514 'urounrmru
919 410 1149 489 carucata

330 594 426 660 8τοῦ
455 586 516 673 yolo
540 589 735 670 ἐρεθίζοντος
763 591 819 653 ναί
839 583 948 671 μα’χην
981 588 1105 651 ἐκεῖθεν
1126 576 1296 648 ἀντίπαλον
1316 583 1467 646 α’νισεῶν·

368 715 421 767 τος
444 690 502 754 ουίι
540 682 629 765 ἔντος
656 685 692 753 iv
714 690 897 775 ὀφθαλμοῖς
926 686 1016 769 ἡμῶν
1048 688 1187 774 α’φανείηι
1209 686 1465 763 κεκαλυμμένον,

366 789 605 857 παύσεσθαι-τί
629 788 800 871 νεμόμενον
824 789 879 872 τής
900 788 976 852 καθ’
1003 787 1093 870 ήμῶν
1114 790 1225 859 νοντας
1247 784 1367 873 ηλήθην.
1389 776 1479 846 ὅθεν-

366 891 477 974 luenti
496 898 560 966 reip
591 885 700 967 ἄλλοις
728 890 943 975 παραινοῦντί
961 912 1016 970 μοι
1041 910 1117 960 τους
1139 888 1346 965 πειθομένους
1365 879 1466 967 ἥκιστ’

332 1076 340 1089 x
367 981 570 1078 florensis,
604 990 641 1059 sd
669 1002 737 1058 κατ’
770 990 907 1074 ε’μαυτὸν
937 994 1063 1059 ἐποίουν
1092 990 1200 1069 ου’τὸς.
1245 987 1386 1075 θόρυβον
1404 994 1490 1073 palad

365 1093 427 1178 μολρ
450 1092 482 1173 ἐξ
504 1095 632 1178 εἰρήνης
663 1090 775 1183 ῥᾴδιον
808 1094 861 1157 ναί
893 1102 959 1169 τοῖς
991 1090 1203 1180 φαυλοτιίτοις
1226 1092 1281 1157 καί
1303 1092 1465 1173 βάναυσον

367 1185 481 1278 ἄγουσι
501 1193 573 1275 βίον
593 1204 706 1274 ποιεῖν,
725 1192 760 1259 ἐκ
783 1197 818 1260 δὲ
833 1196 985 1279 θορύβων
1005 1196 1133 1279 εἰρήνην
1157 1188 1232 1259 σι’δδ
1249 1200 1315 1267 τοῖς
1335 1193 1464 1277 σφόδρα

368 1303 506 1371 συνετοίς
536 1296 626 1376 μα’λα
653 1320 685 1361 τι
713 1290 837 1361 εὔοδον.
893 1294 930 1360 τὸ
960 1298 1020 1378 μὲν
1051 1297 1112 1378 γὰρ
1144 1293 1317 1383 αι’τονομίρ
1337 1294 1466 1380 φύσεως

368 1389 488 1480 ἔμεναι,
510 1391 529 1479 ἧ
555 1398 592 1460 dd
610 1392 708 1481 φύσις
730 1388 864 1461 ἄτακτον
884 1398 939 1460 καί
958 1392 1126 1476 α’ναίμαλον
1148 1392 1349 1479 ιδμσλόγηται
1373 1388 1464 1459 εἶναι·

366 1495 402 1563 εδ
424 1500 459 1562 dd
496 1498 625 1586 παιδείᾳ
654 1499 711 1561 ταί
729 1502 855 1561 συνέσει
876 1499 1110 1583 βεβουλευμένῃ
1142 1499 1196 1560 καί
1214 1496 1362 1581 σώφροσι
1380 1502 1508 1579 loys-10

366 1608 458 1682 σμοῖς
480 1600 661 1676 οίακίζετου.
705 1591 781 1662 ὅθεν
802 1599 838 1662 sd
859 1603 920 1680 μὲν
941 1596 995 1662 κατ’
1009 1593 1066 1671 scic
1085 1596 1142 1661 οδκ
1160 1589 1257 1671 οὔσας
1271 1594 1464 1661 α’ναπλοὶττει

285 1756 289 1761 ,
366 1694 556 1785 προφάσεις,
578 1699 695 1784 ἐφόδια
716 1701 845 1783 πορίζον
870 1708 939 1777 ταῖς
961 1697 1104 1781 μάχαις·
1146 1696 1182 1760 τδ
1206 1699 1242 1763 δὲ
1262 1694 1317 1760 καί
1336 1694 1392 1770 τὰς
1411 1690 1466 1760 οὔ·

367 1826 428 1877 σος
450 1796 609 1881 ἐκτέμνειν
630 1801 789 1885 πειρᾶται,
812 1799 958 1882 καθάπερ
983 1796 1091 1883 ίατρός
1114 1798 1175 1883 πρὸ
1195 1800 1252 1881 τῆς
1271 1796 1411 1881 βλαστης
1432 1800 1466 1863 δν

367 1904 407 1987 τῇ
438 1899 511 1986 ρ’ίζη
546 1895 605 1984 τήν
627 1887 805 1982 θεραπείαν
823 1893 1034 1983 asp-adpone.
1072 1892 1142 1964 ἐπεί
1165 1901 1201 1963 δὲ
1221 1901 1277 1963 καί
1297 1899 1467 1986 α’φοριομῷ

367 2004 533 2081 Παλαμοῖν
546 1996 628 2081 μετὰ
647 2003 702 2083 τής
721 1999 824 2063 αὐτοῦ
844 2002 1005 2084 φρατρίας
1021 1996 1146 2083 οἱποίσης
1162 1997 1218 2063 καί
1226 2001 1380 2087 χωρισμηῖ
1390 2000 1469 2062 θεοῦ
1477 2016 1510 2071 15

366 2104 670 2185 ναθυποβεβλήοθαι
688 2103 868 2182 συμβέβηκε
885 2103 974 2165 δυοῖν
992 2104 1201 2185 πατριαρχοόν
1219 2100 1273 2164 ναί
1287 2094 1369 2164 iilos
1389 2098 1468 2162 ὁπό-

366 2224 418 2268 σοι
429 2206 602 2286 τηνικαῦτα
618 2205 766 2284 παρήσειν
781 2206 844 2265 τοῖν
858 2203 1045 2283 ἐπισκόπων,
1072 2199 1118 2265 ἔτι
1139 2204 1260 2283 μᾶλλον
1281 2202 1409 2287 ἐμαυτῷ
1427 2194 1465 2267 sol

366 2306 420 2387 τῆς
443 2305 582 2388 ήσυχίας
595 2302 757 2390 παρήνουν
772 2302 826 2366 καί
845 2298 1030 2385 ἐπετήρουν,
1050 2301 1168 2385 ταύτης
1179 2302 1279 2385 μόνης
1293 2298 1327 2366 τὸ
1353 2300 1467 2390 ῥᾷστον

365 2404 502 2489 ἐχούσης
523 2410 578 2468 καί
597 2395 726 2487 εὔλογον
739 2406 794 2487 τῆς
814 2407 875 2469 ταῖν
890 2400 1035 2487 βεβήλων
1051 2410 1212 2488 φρατρίας
1232 2402 1287 2479 καί
1301 2406 1466 2477 κοινωνίας

330 2507 513 2580 uisceratio
539 2506 689 2590 α’φιοτοῑν.
744 2498 804 2588 ήδη
834 2508 870 2570 δὲ
901 2503 955 2569 καί
976 2504 1115 2588 διωγμὸν
1138 2505 1341 2589 α’νερρίπισεν
1371 2502 1511 2585 draiton

368 2609 534 2691 ίνκληοίας
559 2604 697 2688 χειμών,
718 2609 774 2669 καί
790 2595 938 2689 διωγμῶν
968 2604 1023 2671 τόν
1054 2609 1309 2693 φρικωδέστατον
1328 2608 1382 2670 καί
1402 2608 1466 2687 βο-

368 2923 478 2964 αοτοιαι
497 2906 544 2975 qni
564 2912 654 2959 antem
672 2919 833 2975 quocunque
851 2906 931 2959 modo
950 2909 1033 2975 partis
1050 2906 1171 2962 melioris
1190 2908 1324 2963 σταδίοισι
1343 2904 1387 2973 sit,
1407 2921 1467 2960 anm
1511 2950 1517 2955 .

370 2979 475 3050 perpeti
494 2991 537 3031 ret
555 2978 728 3030 miseratione
746 2978 840 3047 dignas
860 2987 887 3030 et
913 2980 1021 3031 anferre
1040 2994 1117 3031 εοεαε
1136 2980 1262 3050 tragicos.
1308 2980 1467 3049 optimorum

371 3066 431 3103 esse
461 3049 527 3103 mihi
547 3050 632 3101 visum
653 3058 711 3115 est,
739 3050 910 3117 tranquillam
933 3052 1071 3120 praeferre
1090 3052 1189 3116 vitam,
1207 3051 1312 3103 theatro
1333 3051 1467 3105 ecclesia-

369 3126 437 3176 otico
457 3121 564 3173 relicto.
608 3137 666 3174 cum
691 3122 761 3173 enim
784 3123 829 3189 qui
847 3124 964 3176 irritaret
989 3129 1017 3173 et
1043 3138 1156 3190 pugnam
1183 3125 1331 3190 oppositam
1358 3122 1409 3174 hac
1436 3136 1467 3173 re

370 3196 517 3257 excitaret,
544 3196 612 3244 a‘nte
637 3193 733 3245 oculos
751 3201 857 3246 nostrus
881 3211 936 3249 non
955 3203 1124 3259 versaretur,
1150 3194 1249 3263 qnippe
1276 3196 1321 3263 qni
1348 3192 1467 3246 tenebris

370 3264 486 3319 involuti
505 3279 641 3330 essemus,
659 3264 783 3332 putabam
809 3264 867 3318 iore
886 3275 916 3318 ut
934 3282 993 3333 pars
1022 3266 1153 3317 adtributa
1180 3265 1337 3317 calamitatis
1359 3273 1468 3317 nostrae

371 3338 518 3389 desineret.
555 3337 724 3403 quamobrem
745 3338 807 3404 quia
825 3339 933 3389 minime
951 3338 1057 3403 accidit,
1077 3346 1107 3389 ut
1126 3336 1189 3388 milri
1209 3338 1254 3405 qui
1274 3336 1334 3391 eliis
1354 3334 1469 3389 consilia

370 3410 460 3465 darem
480 3408 552 3459 dictu
571 3408 710 3459 audientes
730 3416 839 3471 essent,
858 3410 916 3476 ipse
936 3409 1026 3460 cilicia
1050 3424 1109 3460 mea
1129 3408 1306 3475 praestabam.
1343 3422 1403 3459 unm
1422 3415 1468 3473 tn-

366 3478 479 3531 multum
499 3493 599 3545 opace
618 3479 805 3531 iaceroetiam
826 3481 975 3533 bominibus
996 3480 1119 3547 pessimis
1137 3479 1291 3549 vilibusque
1314 3479 1394 3531 lncile
1417 3485 1471 3540 sst;

371 3567 386 3601 e
404 3548 520 3601 tumultu
546 3557 634 3601 autem
653 3566 744 3617 pacem
774 3552 935 3618 conciliare,
954 3568 988 3603 ne
1007 3552 1144 3603 admodum
1169 3551 1343 3619 prudentibus
1362 3549 1469 3617 quidem

370 3622 494 3689 proiecto
513 3628 554 3671 cst
572 3630 713 3688 promtum.
750 3621 862 3674 alterum
876 3622 949 3675 enim
967 3623 1077 3675 arbitrio
1095 3631 1207 3675 naturae
1226 3624 1334 3691 agitura
1349 3628 1469 3673 naturam

371 3701 459 3744 antem
490 3690 619 3743 turbidam
650 3701 678 3744 et
708 3692 865 3745 mutabilem
885 3711 945 3748 esse
974 3703 1094 3747 constntt
1119 3694 1232 3747 alterum
1260 3694 1422 3746 humanitate
1444 3697 1471 3741 et

373 3763 488 3816 consilio
508 3764 622 3829 sepienti
644 3772 672 3815 et
697 3766 781 3815 cautis
805 3766 1043 3818 deliberationibus
1069 3766 1280 3817 administrator:
1300 3763 1470 3833 quamobrem

371 3834 439 3887 illud
458 3835 536 3885 etiarn
555 3834 632 3885 lictae
659 3837 797 3904 excogitat
827 3853 935 3902 musas,
965 3836 1098 3904 praehens
1125 3837 1240 3890 subsidia
1270 3835 1396 3903 proeliis:
1417 3834 1469 3884 boc

373 3921 451 3958 uerus
470 3919 578 3973 qnoque
597 3904 697 3958 tollere
717 3914 846 3971 conatur,
864 3916 894 3959 ut
912 3910 1031 3960 medicus
1050 3922 1104 3959 nou
1129 3910 1157 3961 in
1174 3923 1246 3960 ramo
1267 3908 1314 3959 sed
1333 3908 1360 3957 in
1379 3905 1471 3957 radico

372 3977 538 4029 curationem
558 3992 712 4045 aggressus.
751 3986 888 4047 postquam
907 3988 996 4032 autem
1016 3981 1130 4044 accidit,
1150 3989 1180 4031 ut
1196 3979 1315 4032 l’nlnmas
1337 3992 1395 4029 cum
1414 3983 1471 4027 tota

362 4048 475 4101 tamilla
493 4063 541 4100 sna
560 4057 587 4099 et
605 4049 827 4101 determinatione
853 4059 880 4102 et
904 4054 1075 4117 reparatione
1100 4051 1191 4103 divina
1216 4050 1401 4103 succumberet
1420 4062 1470 4114 pa-

371 4119 496 4172 triarchis
516 4119 620 4171 dnobus
646 4128 675 4171 et
698 4120 839 4185 omnibus,
859 4130 990 4191 quotquot
1014 4132 1067 4174 tum
1089 4124 1199 4175 aderant
1218 4122 1369 4190 episcopis,
1386 4116 1470 4171 multo

371 4193 456 4260 inagis
476 4191 695 4259 tranquillitatem
715 4191 859 4259 probabam
878 4203 905 4245 et
921 4194 1126 4259 'nanciscebnn
1146 4196 1245 4263 quippe
1264 4209 1332 4262 qnae
1350 4191 1408 4245 sola
1428 4190 1471 4242 ia.

373 4263 499 4317 cultatem
518 4269 545 4313 et
562 4263 694 4317 rationem
713 4264 854 4330 praeberet
872 4265 1070 4319 baereticorum
1090 4266 1189 4317 lamilia
1210 4274 1237 4317 et
1256 4266 1387 4317 societate
1406 4262 1470 4315 satis

373 4333 534 4391 tbttinendi.
569 4335 622 4388 iarn
641 4351 707 4390 uero
737 4338 940 4392 insectationem
965 4336 1090 4391 accendit
1118 4338 1255 4398 ecelesiae
1271 4344 1424 4408 tempestus,
1445 4339 1472 4386 et
