4000 5392
488 778 537 851 80
792 770 1018 851 utfflnom
1046 776 1278 845 euneoulu

489 944 702 1026 προλσιασδαι
732 940 842 1025 λαχιδν
864 937 1032 1016 Κδνκινος·
1091 964 1174 1004 eorm
1208 938 1269 1023 γὰρ
1301 936 1439 1003 ἐκαλεῖτο
1471 935 1526 1001 διδ
1546 934 1581 1001 sd

488 1043 634 1161 πρροόδες
659 1065 711 1107 ναι
736 1063 846 1143 αγριογ
874 1041 931 1125 τῆς
955 1032 1061 1157 ὅψειρς
1084 1038 1099 1104 ὅ
1121 1037 1302 1119 ποιμενικὸς
1330 1035 1445 1161 πατήρ.
1488 1034 1584 1119 ἔτυχε

440 1154 443 1164 “
488 1141 549 1260 γὰρ
572 1143 606 1207 έν
630 1142 808 1229 Βυζαντίῳ,
830 1120 1054 1223 recepturi
1077 1142 1223 1220 Παλαμιῐ
1250 1139 1478 1225 καινοφουνίαις
1498 1135 1585 1223 πιέσῃ

487 1238 594 1329 γνυδμῃ
616 1265 668 1305 ναι
665 1242 816 1327 σπουδῇ
836 1241 1028 1323 συμμαχῶν,
1050 1242 1109 1303 τοῦ
1130 1240 1165 1302 δὲ
1187 1244 1335 1321 ποιμνίου
1355 1235 1456 1321 μικρὰ
1483 1259 1585 1323 φρον-

359 1356 377 1413 l.
393 1353 477 1413 illa.
486 1343 591 1421 τίζοσν,
612 1340 667 1404 κατ’
686 1336 737 1405 τὸν
758 1343 816 1422 μὲν
831 1337 909 1404 aerei
929 1342 982 1422 τῆς
1004 1339 1166 1420 ιδσεβείας
1188 1341 1211 1378 “
1233 1332 1452 1422 ἀναρριπίζων
1473 1339 1610 1400 ἔνεον-5
1698 1417 1704 1423 ἡ

486 1446 544 1507 eos
561 1436 711 1525 διωγμόν,
734 1464 776 1525 ιιρ
762 1441 831 1505 dt
848 1443 980 1522 βασιλεῖ
991 1441 1286 1525 προφοιβαζδμενος
1307 1434 1379 1516 δξ’
1361 1438 1505 1520 ονείρων,
1525 1436 1585 1498 ναίι

485 1544 544 1608 τοῦ
567 1538 712 1607 τοιούτου
734 1562 887 1621 μαντιιον
875 1528 1097 1661 τρίποηδοςι
1077 1532 1329 1621 οπισχνοιῖμενος
1349 1538 1386 1604 τα
1407 1531 1533 1620 μεγάλα
1554 1558 1627 1602 τε
1676 1564 1685 1580 1

488 1665 541 1705 και
564 1641 742 1724 αἰιδρρητα,
762 1636 896 1724 κλήρους
918 1639 1022 1721 ἀρχῆς
1043 1634 1163 1721 δηλαδὴ
1185 1640 1396 1721 καινοτέρους,
1416 1634 1472 1701 καί
1483 1638 1588 1712 πάσας

487 1734 641 1829 idaeam*
659 1734 808 1823 ἑσπερίου
831 1724 947 1823 λη’ξεως
969 1735 1173 1821 ἐπικράτειαν
1195 1731 1342 1819 ὅμοχδον
1363 1736 1477 1803 adarim
1497 1734 1586 1819 μάλα

487 1864 518 1906 τι
543 1834 700 1959 ἐργομένην
731 1842 776 1929 τῷ
811 1842 949 1927 διωγμῷ.
993 1834 1074 1904 ἀλλὰ
1103 1837 1165 1957 γὰρ
1195 1836 1303 1930 διιειδὴ
1329 1837 1406 1923 πρὸς
1427 1842 1490 1903 πᾶν
1509 1839 1588 1903 τοτ’-
1568 1838 1630 1892 1-0

489 1964 616 2006 ναντιον
641 1939 777 2057 ἔχω’ρει·
786 1938 819 2006 ιδ
841 1943 899 2005 τοῦ
920 1942 1079 2007 Κοικίνου
1105 1939 1291 2020 peristroma,
1312 1936 1432 2023 πολλὴν
1451 1946 1587 2021 παρεῖχε

488 2040 547 2123 τήν·
567 2038 704 2125 ἀπορίαν
733 2042 777 2128 τῷ
797 2046 942 2122 βασιλεῖ,
962 2034 1057 2105 rw
1035 2067 1055 2104 α
1085 2040 1165 2122 χθις
1186 2063 1239 2103 ναι
1262 2039 1417 2124 πρότριτα
1439 2037 1586 2122 προοίετδ

489 2162 522 2204 τε
543 2163 593 2204 και
589 2139 744 2227 opddpo
766 2142 948 2223 dopdsoac’
932 2142 1096 2221 επίσιευε,
1117 2142 1175 2204 νῦν
1198 2143 1231 2215 ές
1253 2135 1496 2264 ἀμφιβόλους
1474 2162 1589 2223 ερριπ-
1687 2224 1691 2229 ,

489 2262 540 2305 τεν
563 2243 694 2322 έννοίας,
715 2267 769 2309 ναι
791 2246 961 2328 τρινομιαν
981 2236 1048 2325 sels
1062 2241 1230 2323 λογισμιὸν,
1251 2239 1306 2303 καί
1327 2238 1490 2306 διεσείετο
1511 2239 1589 2314 roric

450 2412 451 2415 ρ
491 2337 628 2459 λήρους
642 2344 802 2424 ένείνυυς,
834 2340 889 2407 καί
909 2348 1039 2416 πολλοῖς
1066 2342 1214 2423 ἐπειρᾶτο
1248 2343 1390 2422 μέμιμεσι
1422 2342 1588 2423 βαπτίζειν
1599 2348 1630 2402 15

491 2461 568 2516 τους
592 2463 693 2517 ουτως
716 2442 764 2507 ἐπ’
786 2435 966 2565 po'sopsdpp
988 2436 1172 2523 ψεύδεσθαι
1191 2440 1249 2504 osia
1270 2436 1498 2525 ἐρυθριῶντας.
1520 2442 1588 2503 ἀλλ’

492 2536 625 2623 ἐγγύθεν
649 2536 795 2617 αὖθιςε
780 2565 874 2617 στας
904 2546 1056 2623 μαντείας
1077 2535 1212 2625 εἰσάγων
1243 2537 1352 2618 ὲοτιδς,
1376 2564 1429 2633 νισι
1424 2539 1589 2624 παρεξη-

492 2632 644 2724 γοίμενος
665 2638 722 2727 τήν
737 2642 900 2765 αλὴδειαν,
923 2640 1032 2707 doside
1050 2644 1144 2705 πάλιν
1164 2639 1221 2722 τὴν
1246 2636 1433 2724 ου’θεντιιιῆν
1451 2638 1589 2725 δποτρέ-

492 2764 560 2824 χιον
582 2738 755 2830 απλότρτα,
777 2747 832 2807 ιιαὶ
852 2744 1037 2808 τονναντίοο
1064 2741 1244 2823 πνεύματος
1273 2738 1472 2824 ἐνέργειαν
1451 2763 1618 2826 εφασιιεν

493 2833 588 2922 εἶναι,
606 2840 712 2906 ἵνα
677 2865 734 2906 τον
755 2841 835 2928 δπέρ
857 2844 1021 2923 τιν’σεβειάς
1044 2845 1141 2930 σβέσῃ
1165 2841 1291 2923 δυμὸν,
1312 2837 1513 2926 νανιρλεδσας
1538 2837 1631 2905 sisso

494 2940 615 3024 δρόμον
634 2942 693 3008 τοῦ
717 2944 865 3026 διωγμοῦ.
908 2936 989 3007 εἶναι
1011 2944 1046 3007 tl
1080 2943 1135 3008 κατ’
1158 2938 1290 3027 δονιμὴν
1309 2965 1380 3006 τινα
1400 2942 1489 3006 τοῦτ’
1508 2938 1590 3026 ἔφα-

494 3064 567 3107 ossa
587 3042 676 3131 αὐτῷ
695 3046 796 3124 drusi,
819 3045 875 3108 sei
893 3046 948 3128 τῆς
968 3044 1146 3128 μελλούσης
1177 3039 1256 3121 ἴσας
1277 3043 1486 3126 εὐδαιμονίας
1501 3031 1590 3125 Ιγίνε-

497 3379 564 3426 rant.
601 3380 665 3425 tnnc
683 3370 775 3428 aberat
792 3372 932 3440 coccinus,
952 3376 997 3445 qui
1017 3374 1198 3443 episcopatum
1216 3374 1412 3428 urbissortitus
1433 3381 1499 3427 erat.
1519 3375 1590 3430 coe.

435 3484 436 3487 ,
498 3444 573 3496 cinus
605 3444 674 3496 enim
703 3444 837 3513 pastorius
861 3454 937 3513 pater
962 3446 1021 3499 ab
1014 3461 1094 3515 igneo
1122 3455 1149 3498 et
1168 3447 1283 3498 ellerata
1303 3445 1379 3499 uultu
1397 3444 1589 3514 appellabatur.

497 3513 653 3569 versabatur
672 3524 726 3567 tum
744 3519 871 3584 temporis
891 3516 1026 3584 Byzantii,
1045 3516 1090 3568 ubi
1108 3520 1186 3570 novis
1204 3516 1327 3570 Palsmse
1346 3518 1501 3569 commentis
1520 3518 1590 3568 omni

497 3588 585 3639 animo
604 3594 683 3655 atque
701 3588 788 3639 studio
809 3588 912 3641 deditos
930 3590 1075 3672 pregissni
1091 3604 1183 3656 parum
1195 3588 1284 3641 habita
1302 3590 1407 3641 ratione
1426 3604 1508 3640 serae
1527 3588 1588 3640 lidei
1682 3606 1688 3613 ·

499 3658 714 3727 persecutionem
733 3658 904 3723 accendebat,
929 3660 1082 3726 imperatori
1107 3674 1172 3711 vero
1193 3674 1227 3711 ex
1245 3660 1357 3712 somniis
1373 3668 1400 3711 et
1416 3658 1522 3726 tripede
1539 3674 1590 3711 ne-

496 3730 554 3782 scio
574 3744 626 3798 quo
646 3730 774 3782 vaticinio
793 3745 901 3799 magnas
920 3746 985 3783 sune
1004 3739 1084 3798 atque
1099 3728 1251 3783 ineffabiles
1269 3746 1313 3783 res
1331 3730 1520 3798 pollicebatur,
1538 3731 1591 3780 im-

497 3802 565 3868 peril
584 3800 707 3852 nimirum
736 3801 988 3868 amplificationem,
1018 3802 1130 3853 orientis
1157 3808 1184 3852 ct
1202 3801 1349 3854 occidentis
1367 3802 1504 3866 ditionem,
1523 3816 1591 3870 quae

497 3871 573 3924 nullo
592 3872 702 3939 negotio
721 3874 935 3938 persecutionem
955 3888 970 3925 e
990 3872 1107 3939 vestigio
1131 3873 1284 3924 insecutura
1310 3881 1389 3925 essct
1409 3882 1436 3925 at
1455 3874 1591 3924 enimvero

497 3956 576 4010 quum
598 3940 707 3997 Cocclni
727 3944 895 4012 praesagium
923 3958 1032 4011 prorsus
1056 3958 1134 3994 secus
1156 3943 1280 4008 caderet,
1298 3946 1326 3995 ln
1346 3959 1455 4013 magnas
1476 3944 1591 3995 iniectus

386 4010 388 4019 “
498 4020 538 4065 est
556 4012 727 4065 dillioultates
746 4016 909 4082 imperator,
930 4023 959 4066 ut
980 4014 1051 4083 qnod
1069 4013 1128 4065 beri
1147 4014 1192 4067 tel
1211 4015 1308 4067 nmlios
1327 4018 1421 4068 tertius
1442 4015 1548 4067 admisit
1567 4021 1592 4064 et

498 4083 682 4136 lubentissime
700 4084 820 4149 credidit,
840 4086 892 4138 ἰδ’
885 4102 936 4138 rum
956 4086 1095 4153 ambiguus
1109 4093 1231 4138 versaret
1246 4086 1443 4153 cogtaticnibus
1461 4095 1488 4138 et
1505 4087 1592 4140 velue.

485 4156 659 4207 ,mestissima
675 4155 847 4209 consiliorum
863 4156 1036 4213 fluctuatione
1049 4159 1165 4225 agitatus
1182 4172 1266 4225 nugas
1279 4160 1343 4209 istas
1362 4158 1491 4224 alriiceret
1504 4167 1592 4227 atque,

498 4240 565 4294 quos
584 4240 638 4278 non
657 4227 797 4293 puderet'
790 4243 816 4277 rn
837 4235 887 4279 tum
907 4229 1056 4280 manifestis
1075 4228 1220 4279 mendaciis
1239 4218 1412 4296 deprehendi,
1432 4228 1523 4280 multis
1539 4243 1592 4298 op.

498 4296 614 4364 probrlis
641 4299 754 4351 obruere
781 4307 931 4351 conaretur.
969 4298 1017 4351 sed
1043 4314 1135 4349 rursus
1160 4299 1208 4350 ille
1233 4301 1434 4367 praesagiorum
1452 4308 1546 4352 auctor
1561 4300 1593 4352 ad

500 4382 558 4419 eum
578 4370 694 4432 accedit;
721 4370 862 4422 veritatem
893 4370 961 4421 lnlso
986 4371 1186 4436 interpretando
1223 4379 1250 4420 et
1279 4378 1376 4421 certam
1395 4369 1592 4437 simplicitatem

499 4440 702 4491 transcurrendo
725 4455 783 4491 eum
802 4440 853 4493 sibi
874 4440 1046 4505 reconciliat3
1076 4440 1143 4491 hanc
1164 4442 1311 4494 aduersarii
1330 4441 1465 4493 cuiusdam
1485 4443 1592 4509 spiritns

500 4525 560 4561 esse
579 4511 633 4562 uim
652 4509 726 4573 dicit,
745 4513 791 4577 qni
810 4513 931 4564 ardorem
949 4514 1057 4579 pietatis
1075 4513 1243 4580 restinguere
1270 4519 1297 4563 et
1307 4513 1511 4581 persecutionis
1529 4528 1592 4565 cur-

409 4598 411 4601 ·
499 4595 557 4632 som
577 4579 759 4634 fraudulenter
778 4582 900 4635 inhibere
920 4582 995 4635 uelit.
1026 4582 1110 4649 ,hacc
1129 4586 1207 4636 etiam
1227 4572 1375 4652 exploratio
1395 4582 1522 4650 quaedam
1543 4593 1591 4647 est,

498 4650 600 4722 inquit,
627 4666 643 4705 s
668 4653 719 4705 deo
738 4654 857 4707 instituta
883 4664 910 4709 et
928 4655 1064 4723 praelusio
1087 4653 1201 4709 lostosse
1228 4654 1332 4708 loturae
1349 4654 1539 4725 beatitudinis,
1557 4670 1592 4709 ne
