4000 5392
345 644 347 647 .
418 658 421 663 a
505 594 726 664 nesronme
743 592 1000 661 arseminae
1027 587 1180 660 xxxvii.
1203 580 1388 663 ta-tt.
1446 590 1517 660 eat

418 758 475 847 τήν
502 758 552 823 ἀεὶ
583 759 793 845 στρεφόμενοι
827 754 881 821 καί
912 756 1161 842 περιειλοόμενοι
1178 757 1351 842 λοιδορίαν.
1391 758 1426 823 ἐν
1457 755 1518 844 γὰρ

419 861 568 941 ταϊςτής
585 858 664 942 ἐμῆς
678 858 911 943 πατριαρχείας
932 858 1032 919 πάλαι
1051 856 1169 940 ἀρχαῖς
1190 858 1244 921 ἐπὶ
1261 861 1317 941 τῆς
1330 859 1518 923 Κανεακοο-

423 963 517 1047 ζηνοῦ
537 960 725 1043 βασιλείας,
762 958 838 1044 πρίν
876 957 950 1023 όλον
968 958 1088 1041 ἐξήκειν
1109 956 1194 1034 ἔτος,
1215 954 1406 1043 όβρίστριαν
1427 956 1518 1024 όπλί-
1592 968 1600 975 “

422 1084 534 1137 σαντες
554 1063 695 1146 γλῶτταν
717 1058 773 1125 καί
802 1059 884 1123 πάνυ
905 1064 1042 1144 βαρεῖαν
1071 1058 1153 1123 κατὰ
1172 1060 1228 1142 τῆς
1248 1056 1404 1144 ήμετέρας
1424 1058 1520 1145 τόχης

395 1161 637 1246 όέιιενεγκόντες
656 1159 773 1245 ταότην
787 1183 844 1243 μοι
878 1158 934 1245 τήν
962 1156 1180 1242 Μασαλιανήν
1213 1160 1247 1222 έν
1269 1159 1406 1245 κρότοις
1427 1159 1519 1246 ήτιά-

422 1287 517 1327 σαντο
540 1261 678 1347 αἵρεσιν·
735 1262 790 1325 καί
810 1259 893 1341 τάχα
916 1256 954 1325 ἀν
975 1284 1017 1343 με
1037 1263 1100 1323 τῶν
1129 1262 1369 1344 πατριαρχικῶν
1387 1263 1521 1327 τουτωνὶ

421 1366 590 1447 τηνικαῦτα
615 1359 740 1445 θρόνων
761 1361 819 1425 σὺν
842 1360 980 1449 ἀκοσμίᾳ
1003 1360 1168 1438 ἐξώθουν,
1191 1361 1220 1423 εἰ
1240 1358 1285 1443 μή
1305 1359 1378 1437 τούς
1399 1360 1521 1438 κοινοὺς

422 1465 478 1546 τῆς
499 1464 582 1546 ἐμῆς
602 1486 635 1527 τε
657 1462 712 1537 καί
734 1466 826 1548 σφῶν
850 1463 1044 1548 ἀρτιφανοῧς
1067 1461 1233 1544 ἐκκλησίας
1254 1461 1426 1542 πολεμιόος
1448 1462 1521 1525 αι’σ-

424 1562 555 1645 θόμενοι
577 1565 768 1647 βοηθοῦντες
793 1566 825 1641 ἐξ
857 1562 1009 1638 ἀπονοιάς
1039 1560 1225 1640 ἀπέσχοντο.
1275 1562 1331 1626 καί
1351 1562 1444 1627 τοῦτο
1462 1562 1588 1643 pern

381 1665 549 1748 ὶῡπραῖτον
572 1663 600 1727 οὶ
617 1665 791 1749 κακάρατοι
811 1664 866 1729 καί
885 1662 1078 1742 κακόσχολοι
1100 1660 1180 1734 κατά
1209 1665 1265 1745 τής
1287 1664 1366 1745 ἐμής
1387 1662 1520 1739 ἐξόπλι-

423 1787 490 1831 σαν,
507 1766 667 1849 κεφαλῆς·
717 1764 862 1850 δεότερον
885 1767 913 1829 δ’
938 1763 984 1829 ἔτι
1006 1763 1062 1828 καί
1083 1764 1182 1829 πλείω
1205 1763 1406 1847 συνείροντες
1426 1763 1521 1848 ἕτερα
1616 1840 1622 1845 ⁷

422 1865 463 1949 τῇ
483 1864 611 1949 τοιαύτη
640 1866 703 1927 τῶν
724 1865 950 1929 Mararmanis
981 1858 1077 1940 αόθις
1099 1862 1240 1949 αἱρέσει,
1269 1863 1325 1929 καί
1344 1862 1519 1946 μανικώτε-

425 1987 481 2048 ρον
503 1970 571 2027 κατ’
593 1964 673 2045 ἐμοῦ
696 1963 884 2048 κινηθέντες,
904 1967 959 2049 τῆς
973 1965 1207 2049 πατριαρχειάς
1229 1964 1386 2047 ἐξήλασαν
1405 1962 1520 2039 τέλεον,

423 2065 541 2149 ἵναμή
563 2063 643 2150 λέγω
666 2065 722 2130 καί
744 2064 842 2129 arico&
864 2070 974 2149 γετοῦ
998 2068 1064 2149 ζῆν,
1084 2065 1120 2129 τό
1134 2087 1169 2148 γε
1192 2064 1236 2139 εἰς
1260 2054 1474 2148 αότοῦςιήκον·
1500 2060 1521 2146 ή

381 2183 413 2237 15
423 2164 485 2251 γὰρ
503 2166 563 2249 ἐμή
584 2163 664 2250 πρός
683 2163 718 2230 τό
742 2166 773 2229 Γ
773 2166 979 2250 αλατιόνομον
1003 2167 1156 2251 φροόριον
1177 2168 1240 2228 τῶν
1263 2155 1413 2230 Λατίνιον
1433 2188 1519 2249 τηνι-

424 2268 524 2329 καῦτα
543 2266 687 2350 λαθραία
711 2265 798 2351 φυγή
819 2265 874 2342 τὰς
896 2264 975 2349 ἐμὰς
997 2268 1031 2331 ἐν
1061 2274 1126 2342 τοῖς
1150 2267 1230 2345 ζῶσι
1250 2265 1418 2350 τετήρηκεν
1442 2259 1520 2347 ἀχρι

427 2365 483 2429 καί
512 2366 544 2441 ἐς
566 2365 639 2430 τόδε
664 2367 772 2441 πνοάς.
796 2408 797 2413 1
822 2367 892 2431 ἐπεὶ
923 2368 958 2431 δὲ
979 2368 1035 2432 καί
1063 2355 1097 2443 ἐς
1121 2367 1254 2430 Τένεδον
1286 2364 1461 2451 ἀφιγμένον
1478 2387 1520 2447 με

364 2496 366 2499 ·
425 2466 516 2553 παρὰ
535 2466 673 2549 βασιλέα
689 2465 743 2531 τὸν
763 2468 991 2553 Παλαιολόηιον
1012 2467 1267 2551 ἐμεμαθήκεσαν,
1290 2466 1358 2532 οὐδ’
1380 2467 1520 2530 ἐνταῦθα
1555 2456 1560 2465 ’

426 2566 601 2653 ἠρέμησαν,
626 2560 706 2631 ἀλλὰ
729 2570 770 2631 δι’
794 2569 967 2633 ἐπιστολῶν
999 2569 1056 2633 καί
1087 2566 1231 2651 κηρύκων
1257 2567 1439 2649 ἀναθέμασι
1460 2590 1519 2630 κα-

330 2730 333 2735 ,
378 2667 619 2749 νοθοπέβαλον,
642 2669 698 2731 καί
729 2666 804 2732 αι’πὸ
836 2667 1194 2752 προκαταλαμβάνοντες
1219 2664 1254 2731 τό
1276 2663 1350 2753 ὅρος
1372 2667 1520 2731 κάκεῖθεν

380 2764 381 2771 '
427 2766 630 2851 ἀπήλαυνον,
663 2767 718 2832 καί
742 2764 790 2844 ὀἷς
821 2766 1040 2832 Μασαλιανόν
1075 2767 1278 2852 ἐξεκήρυττον
1308 2766 1529 2846 πανταχόθεν·

423 2870 480 2930 τοῦ
504 2868 538 2931 ἀὲ
558 2865 718 2949 βασιλέως
732 2864 803 2954 ἀρτι
823 2866 879 2952 τήν
901 2869 1058 2953 πατρρίαν
1080 2866 1286 2952 ἀνειληφότας
1306 2867 1416 2952 ἀρχήν,
1440 2861 1584 2947 6μοῦιῖ

425 2968 648 3052 συνεληλυθώς
668 2970 791 3034 ἐκεῖθεν
819 2966 907 3055 κάγώ
928 2970 1031 3057 πολλῇ
1052 2970 1113 3064 τινί
1146 2965 1226 3054 πρός
1247 2968 1350 3033 αὐτῶν
1370 2970 1411 3055 τῇ
1434 2965 1519 3031 ἀντι-

423 3306 527 3359 εοιορετ
546 3294 573 3343 in
596 3293 689 3347 eodem
709 3296 819 3347 ommino
837 3297 964 3348 sistentes
984 3304 1011 3347 et
1029 3303 1177 3351 versantes.
1203 3311 1262 3348 narn
1281 3297 1309 3347 in
1328 3295 1440 3362 pristino
1460 3309 1520 3347 meo

424 3363 604 3430 patriarchatu
617 3363 667 3417 snb
685 3380 750 3433 rege
770 3366 956 3420 cantoenneno
976 3375 1117 3435 antequam
1134 3383 1219 3419 annus
1238 3367 1362 3429 linierat,
1381 3364 1520 3432 superbam

421 3433 540 3503 linguam
560 3435 721 3487 instruentes
747 3445 773 3488 et
796 3436 873 3488 valde
894 3436 1017 3489 acerbam
1043 3439 1070 3489 in
1096 3439 1227 3490 fortunam
1250 3452 1333 3488 meam
1353 3434 1520 3502 proferentes

424 3506 492 3557 bano
512 3505 576 3557 mibi
595 3504 764 3559 Manlianum
784 3506 908 3559 haeresin
933 3509 1054 3574 inprimis
1072 3508 1183 3560 crimine
1201 3507 1297 3560 dabant
1323 3515 1351 3558 et
1367 3514 1430 3558 tunc
1451 3505 1521 3558 lorte

423 3592 465 3627 mo
485 3591 544 3627 enm
563 3577 713 3644 ignominia
732 3578 860 3647 dignitate
879 3593 938 3630 mea
961 3578 1137 3645 expulissent,
1156 3580 1208 3632 aiei
1228 3593 1380 3630 communes
1401 3591 1476 3628 mese
1494 3584 1522 3629 et

422 3648 541 3713 ipsorum
561 3648 695 3699 ecelesiae
713 3663 784 3701 nnnc
814 3648 919 3717 quidem
939 3657 979 3700 sat
1004 3657 1081 3701 notos
1109 3650 1298 3713 adversarios,
1327 3645 1521 3718 quopreein-

424 3719 498 3769 sauia
519 3720 546 3769 in
565 3718 693 3770 auxilinm
714 3721 834 3771 vocaturi
862 3727 953 3785 erant,
983 3729 1146 3787 cognossent
1164 3727 1242 3772 antea
1266 3721 1382 3788 ideoque
1401 3719 1521 3771 destitis.

403 3796 492 3841 ·sent.
528 3790 609 3857 idque
629 3790 714 3855 primo
733 3791 830 3842 nefarii
851 3791 894 3841 isti
915 3799 941 3842 et
960 3791 1074 3857 improbi
1093 3793 1219 3857 inrepat
1242 3806 1328 3841 meum
1346 3789 1432 3841 moliti
1452 3798 1522 3843 sunt.

424 3860 520 3911 deinde
539 3874 624 3924 vero,
649 3875 727 3928 quam
747 3862 823 3929 plura
842 3862 953 3928 insuper
973 3859 1031 3915 alia
1047 3870 1170 3929 ,propter
1200 3859 1370 3914 blasalianam
1398 3860 1522 3913 baeresin

423 3929 451 3981 in
471 3946 512 3982 me
532 3932 722 3983 conexuissent
744 3941 770 3983 et
791 3932 918 3984 furiosius
946 3934 973 3985 in
994 3948 1036 3983 me
1055 3935 1185 3984 iecissent
1205 3949 1237 3985 ex
1256 3934 1314 3999 ipsa
1332 3932 1462 3999 (lignitate
1480 3947 1522 3983 me

425 4002 572 4065 eiecerunt,
590 4018 625 4053 ne
644 4002 728 4053 dicam
750 4018 782 4053 ex
801 4004 859 4070 ipsa
882 4004 951 4073 sita,
991 4019 1050 4055 nam
1070 4004 1134 4071 lupa
1153 4002 1319 4056 clandestina
1336 4018 1395 4055 mea
1416 4004 1449 4055 ad
1468 4003 1522 4057 Ga.

423 4070 537 4123 latorum
558 4072 697 4124 castellum
717 4073 822 4125 interim
847 4076 918 4125 inter
948 4074 1027 4126 visos
1046 4077 1157 4126 animam
1177 4074 1240 4126 mibi
1260 4075 1390 4127 servarit.
1426 4074 1523 4127 deinde

397 4162 400 4165 ·
425 4158 503 4209 qaum
522 4143 655 4195 Tenedum
674 4160 722 4194 *sne
742 4146 849 4197 venisse
877 4145 909 4196 ad
933 4143 1124 4215 l'slaeolognm
1152 4162 1243 4215 regem
1275 4146 1469 4213 explorassent,
1487 4160 1523 4197 ne

422 4212 493 4265 tnne'
506 4213 611 4282 quidem
630 4214 772 4281 tacebant,
803 4217 849 4267 sed
876 4230 925 4281 per
944 4214 1047 4268 litteras
1074 4225 1100 4269 et
1118 4231 1265 4283 praecones
1293 4216 1523 4268 exsecrationibus

423 4300 466 4335 me
485 4284 655 4337 creberrimis
675 4286 902 4350 condemnabant,
915 4293 941 4337 et
959 4287 1045 4353 ipsum
1060 4296 1176 4340 montem
1194 4291 1416 4355 occupantes'mo
1436 4302 1524 4355 expu-

423 4353 514 4408 lerunt
532 4364 560 4408 ut
579 4355 749 4409 blasaliannm
768 4358 869 4427 ubique
887 4356 1049 4408 infamatam.
1069 4374 1156 4426 nuper
1183 4374 1290 4429 qnoque
1309 4373 1392 4427 quem
1407 4374 1455 4410 rex
1473 4362 1523 4425 pa.

423 4429 696 4494 ternnmimperinm
724 4442 814 4479 rursus
834 4428 1000 4494 susciperet,
1027 4444 1079 4497 ego
1104 4432 1150 4499 qni
1178 4445 1231 4482 nna
1256 4445 1315 4481 cuna
1343 4444 1375 4480 eo
1394 4429 1524 4481 redieram

423 4496 533 4553 multata
553 4496 662 4555 illorum
682 4496 1036 4566 obluctationemexpertns
1054 4514 1122 4566 snm,
1144 4509 1171 4554 et
1189 4501 1334 4571 praecipue
1352 4507 1381 4553 at
1398 4498 1534 4562 linaiis-J
