4000 5392
496 616 570 692 256
799 622 1021 691 uremuom
1054 621 1282 690 oaaoonsn

496 788 551 873 aqi,
570 781 750 870 πεφυκυίας
776 786 836 863 μὲν
868 779 911 857 ὥς
932 783 971 846 τά
1004 780 1103 847 πολλὰ
1131 792 1197 860 τοϊς
1228 780 1349 865 μεταξδ
1370 786 1431 849 ταῖν
1453 781 1597 867 δρω’ντων

496 888 551 950 κατ’
583 883 751 967 ὁρωμένων
784 894 923 960 τοπικοῖς
953 886 1165 969 διαστήμασιν
1194 886 1398 969 ἀπατᾶσθαι,
1430 887 1597 969 ἐφιεμένης

497 989 527 1050 δ’
549 978 653 1061 ἄλλως
676 984 867 1069 ὁθενδῆποτε
889 988 946 1050 καί
965 984 1169 1069 ὁπωσδήποτε
1195 987 1358 1068 συλλέγειν
1380 1008 1412 1049 τε
1442 987 1496 1065 τῆς
1517 984 1597 1067 ιίλη-

497 1092 587 1164 θείας
609 1084 682 1170 ἴχνη
713 1087 767 1150 καί
794 1084 916 1175 εἰκόνας
949 1085 1121 1151 ὁποιασοῦν
1149 1091 1204 1152 καί
1225 1084 1263 1151 τοὶ
1289 1090 1345 1170 τῆς
1371 1081 1518 1167 τοιαύτης
1543 1086 1596 1147 ιά-

496 1186 619 1273 τρεδειν
646 1182 770 1273 α’πέτης
806 1187 979 1272 νοσήματα.
1035 1184 1102 1252 ἔστι
1130 1184 1189 1271 γάρ
1225 1185 1258 1251 τὸ
1290 1188 1325 1253 ἐκ
1351 1189 1495 1271 κορυφῆς
1518 1179 1623 1266 ὅχριᾱ

498 1291 647 1370 πωγωνος
668 1279 767 1371 ἄκρον
790 1286 875 1372 φημί
896 1289 951 1371 τῆς
973 1282 1094 1371 ὑπήνης
1117 1284 1282 1368 σπιθαμαί
1305 1288 1405 1369 μῆκος
1433 1288 1492 1365 μέν
1514 1282 1595 1348 darni

499 1387 553 1453 καί
573 1386 694 1465 εἴκοσι,
727 1385 843 1463 πλάτος
865 1390 900 1451 dd
920 1389 1225 1471 τεσσαρεσκαίδεκα,
1257 1383 1422 1451 δακτύλων
1455 1387 1482 1449 δ’
1502 1383 1517 1449 ὁ
1538 1388 1598 1466 μέν

499 1493 621 1571 πρῶτος
652 1484 734 1553 οἰιτω
765 1491 823 1551 καί
848 1483 993 1571 ἦμισείας
1022 1483 1057 1552 τὸ
1078 1491 1204 1571 μῆκος,
1237 1487 1266 1551 οἱ
1297 1490 1325 1549 δ’
1349 1478 1439 1550 ἄλλοι
1460 1485 1538 1549 sarai
1563 1482 1598 1549 τὸ
1624 1510 1633 1529 ’

499 1583 672 1671 α’νάλογον·
708 1589 780 1664 1τοῖν
810 1586 1045 1673 δ’,δφθαλμῶν
1064 1583 1122 1651 α’νοὶ
1155 1590 1249 1669 τριῶν
1270 1581 1425 1668 ἑκάτερος,
1451 1582 1469 1671 ἢ
1491 1588 1526 1649 δέ
1546 1584 1600 1669 ῥίς

436 1708 489 1762 ιο
502 1687 630 1772 ἔγγιστα
653 1688 745 1754 τέκτον’.
798 1682 918 1753 τούτων
947 1688 976 1750 δ’
1000 1680 1101 1761 οὕτως
1124 1687 1270 1769 καθάπερ
1300 1689 1466 1769 στοιχείων
1487 1689 1645 1752 δοθέν-10

500 1813 561 1855 των
590 1786 709 1868 ἔξεστιν
744 1787 910 1871 ἐντεῦθεν,
938 1785 1049 1853 ὁπόσοι
1082 1790 1282 1870 χαριέστεροι
1317 1790 1377 1853 τῶν
1409 1788 1599 1873 ζωγράφων,

498 1895 554 1955 καί
588 1892 643 1973 την
674 1893 737 1954 τῶν
767 1880 870 1953 ἄλλων
897 1889 1003 1969 μελῶν
1037 1890 1091 1951 κατ’
1126 1891 1233 1969 μεροῖν
1262 1887 1317 1950 καί
1351 1884 1419 1968 ἅμα
1450 1891 1503 1972 τῆς
1541 1888 1601 1951 τοῦ

498 1988 615 2065 παντὸς
634 1991 779 2071 σώματος
813 1986 1015 2061 διαπλάσεως
1047 1993 1100 2073 τῆς
1135 1993 1226 2063 θείας
1257 1991 1374 2073 ε’κείνης
1407 1993 1465 2052 τοῦ
1497 1988 1601 2071 σωτῆ-

446 2096 457 2109 '
498 2115 553 2176 ρος
574 2090 689 2167 εἰκόνος
711 2089 789 2155 κατὰ
815 2087 925 2173 τὸτῆς
959 2090 1154 2173 συμμετρίας
1183 2087 1337 2173 σ’νσὶλογον
1365 2086 1425 2172 ὅση
1441 2096 1489 2165 τίς
1516 2091 1602 2153 έστιν

498 2191 601 2269 εδθδς
621 2194 866 2275 συλλογίζεσθαι
888 2192 989 2274 μῆκος
1011 2196 1066 2256 καί
1086 2193 1214 2268 πλάτος.
1269 2189 1324 2256 καί
1344 2194 1445 2256 ταῦτα
1468 2191 1602 2272 διῆλθον
1612 2209 1648 2263 15

499 2296 665 2377 ἐμπειρίας
686 2294 776 2358 ἕνεκα
799 2295 861 2358 τῶν
883 2290 1147 2377 ἐντυγχανόντων,
1169 2290 1338 2373 κράτιστον
1360 2288 1453 2366 aldoin
1472 2286 1603 2375 ε’φὸδιον

499 2394 544 2469 εἴς
567 2418 602 2478 γε
624 2392 680 2479 τὴν
704 2397 768 2459 τῶν
791 2385 889 2462 ὄντων
910 2393 1085 2477 ε’πιοτημην
1107 2398 1161 2457 καί
1180 2390 1213 2457 εἴ
1224 2416 1306 2467 τινες
1327 2386 1390 2455 τίεν
1413 2392 1523 2465 adroic
1548 2392 1624 2485 r’ag

499 2491 717 2577 θεωρούμενοι
740 2487 835 2578 λέγοι
850 2496 948 2580 σοφοί
970 2495 1026 2575 τῆς
1048 2498 1213 2577 προνοίας,
1235 2490 1319 2557 καθά
1345 2493 1401 2555 καί
1420 2488 1603 2573 Ἀριστοτέ-

500 2600 547 2658 λετ
578 2595 671 2659 δοκεῖ.
723 2594 804 2680 φησί
832 2593 892 2678 γὰρ
922 2596 1038 2670 ἐκεῖνος
1068 2590 1219 2677 αἴσθησιν
1246 2596 1306 2674 μέν
1327 2593 1492 2673 έμπειριάς
1520 2583 1604 2655 εἶναι

502 2693 677 2780 ποιητικήν,
698 2695 754 2778 την
778 2698 807 2759 δ’
829 2697 998 2779 έμπειριάν
1018 2696 1080 2759 τοῖν
1103 2696 1182 2776 πρὸς
1204 2696 1381 2779 ἐπιστήμην
1400 2691 1512 2775 α’ρχοῖν
1534 2706 1651 2763 not-20

502 2800 647 2878 ρεκτιιιητ
682 2800 717 2859 έιι
753 2798 908 2878 διαδοχῆς
935 2794 990 2859 καί
1007 2792 1225 2877 συλληπτριαν
1253 2797 1410 2877 γίνεσθαι.
1455 2790 1603 2857 έντεῦθεκ

501 2895 563 2976 γάρ
585 2899 622 2959 οἵ
638 2919 671 2961 τε
694 2897 869 2970 πολυειδεῖς
890 2895 1052 2980 έρρδησαν
1073 2895 1127 2977 τῆς
1150 2899 1265 2979 σοφίας
1281 2896 1388 2979 πηγαί,
1410 2895 1464 2957 καί
1484 2890 1514 2957 οἱ
1535 2892 1617 2978 noi*

505 3002 558 3061 λοι
580 2998 635 3081 τῆς
658 2993 831 3081 έπιστημης
853 2997 1028 3082 έφευρεταί
1048 2996 1111 3062 τῶν
1133 3018 1166 3061 τι
1186 2997 1339 3081 αἰθερίαν
1361 2997 1415 3059 καί
1436 2995 1606 3077 περιγείων

506 3301 602 3358 oeulos
621 3303 951 3374 praetermittere'mente,
971 3324 1051 3377 quum
1071 3308 1107 3360 ita
1127 3310 1161 3361 sit
1186 3316 1336 3375 comparatu
1357 3304 1415 3373 illa,
1436 3314 1465 3359 ut
1483 3306 1606 3375 plerum.

507 3392 560 3445 qne
580 3385 732 3444 spectantes
750 3380 821 3431 iuter
839 3388 927 3431 atres
946 3388 1078 3448 spectatas
1106 3381 1272 3448 interpositis
1298 3376 1351 3429 loci
1370 3380 1521 3431 intervallis
1543 3381 1608 3433 aui.

506 3451 576 3500 mu'm
602 3447 688 3513 iallat,
714 3452 782 3518 qu‘ue
809 3458 897 3502 tamen
927 3452 1061 3519 applicata
1092 3460 1208 3503 ceterum
1243 3450 1359 3517 undique
1388 3457 1415 3500 et
1444 3466 1607 3521 quocunque

499 3521 585 3572 “modo
605 3529 674 3586 sunt,
693 3529 723 3572 ut
740 3524 861 3574 veritatis
876 3524 993 3592 vestigia
1012 3532 1038 3575 et
1055 3524 1173 3590 speciem
1192 3520 1404 3591 qualemcunque
1427 3523 1555 3588 eldeiant,
1579 3530 1609 3574 et

508 3589 569 3644 talis
590 3591 689 3644 fraudis
710 3594 815 3646 morbos
833 3602 937 3647 sanent.
976 3603 1038 3646 suut
1059 3595 1128 3645 euim
1147 3594 1208 3645 inde
1228 3593 1361 3643 avertice
1374 3609 1458 3661 usque
1480 3594 1512 3645 ad
1530 3608 1624 3645 sum:

508 3679 575 3714 mam
593 3663 710 3729 barbam,
730 3664 831 3717 labrum
861 3667 920 3717 dico
943 3667 1076 3733 superius,
1096 3664 1243 3732 spithamae
1265 3664 1292 3713 in
1323 3662 1515 3731 longitudinem
1535 3666 1608 3717 dno.

510 3734 665 3801 detriginto,
684 3736 712 3786 in
729 3734 895 3788 latitudinem
916 3737 1133 3805 quatuordecim,
1153 3737 1295 3802 digitorum
1320 3743 1406 3785 nutem
1426 3738 1525 3801 primus
1544 3744 1608 3787 octo

511 3814 538 3857 et
559 3806 691 3857 dimidiam
709 3807 737 3857 iu
755 3806 950 3875 longitudinem
964 3808 1088 3871 habebat,
1108 3816 1135 3859 et
1150 3806 1248 3874 reliqui
1268 3806 1519 3872 proportionaliter;
1539 3822 1610 3858 oeu.

509 3876 596 3929 lorum
614 3886 669 3929 tres
689 3877 747 3929 iere
763 3878 907 3945 spithamas
930 3878 1043 3931 habebat
1068 3888 1197 3946 uterque,
1217 3892 1295 3928 nasus
1324 3885 1412 3953 auterq
1430 3894 1515 3944 paene
1535 3886 1609 3929 octo.

511 3947 552 3999 liis
573 3948 611 3998 ita
629 3956 751 4015 tanquam
771 3949 912 4002 elementis
924 3952 1080 4017 propositis,
1099 3949 1165 4001 licet
1181 3946 1254 4011 binc,
1276 3955 1406 4015 quotquot
1426 3957 1496 4012 sunt,
1518 3950 1611 4017 picto.

510 4034 567 4071 rum
586 4020 768 4084 iucundiores,
788 4022 865 4072 etiam
885 4020 1039 4089 qualitatem
1056 4029 1204 4072 ceterorum
1219 4019 1394 4070 membrorum
1415 4028 1441 4072 et
1458 4022 1569 4086 partium
1584 4028 1613 4072 et
1640 4024 1648 4031 ”

425 4091 431 4104 “
511 4089 590 4142 simul
609 4092 692 4142 totius
713 4092 833 4157 corporis
853 4093 960 4144 divinae
981 4091 1055 4143 illius
1075 4091 1217 4143 saluatoris
1236 4098 1338 4142 statuae
1358 4091 1390 4142 ad
1411 4091 1612 4160 aequabilitatis

512 4162 642 4213 rationem
662 4163 749 4213 inrue
769 4162 880 4226 iormae,
899 4170 996 4230 quauta
1019 4162 1076 4214 iere
1094 4164 1139 4226 sit,
1157 4163 1242 4214 statim
1265 4160 1397 4228 colligere
1416 4162 1613 4232 longitudinem

513 4240 540 4283 et
559 4231 627 4283 haec
645 4233 774 4300 descripsi
794 4236 822 4297 iu
840 4236 961 4286 notitiam
982 4246 1073 4286 eorum
1093 4235 1137 4300 qui
1158 4233 1227 4284 sorte
1249 4231 1369 4289 inillam
1391 4234 1517 4297 incidant,
1536 4236 1614 4300 opti.

512 4318 580 4355 mam
598 4302 666 4356 hano
686 4305 775 4355 scieas
796 4307 864 4358 viam
884 4321 944 4357 esse
965 4304 997 4355 ad
1016 4320 1104 4356 rerum
1122 4305 1270 4367 erientiam,
1289 4311 1316 4354 et
1334 4307 1357 4356 si
1376 4306 1460 4372 quiin
1479 4305 1521 4356 his
1542 4320 1614 4357 con.

513 4375 662 4427 siderantes
680 4385 820 4429 verrenter
839 4376 901 4428 libri
919 4376 1057 4441 sapientes
1077 4377 1303 4443 prospicientiae,
1322 4386 1352 4429 ut
1373 4378 1450 4427 etiam
1470 4374 1614 4430 Aristoteli

512 4445 612 4513 placet.
649 4446 716 4500 dicit
744 4445 793 4500 ille
821 4449 925 4515 quidem
945 4462 1052 4499 sensum
1080 4463 1113 4499 ex
1131 4448 1270 4499 multarum
1295 4462 1383 4501 rerum
1412 4449 1509 4515 peritia
1528 4446 1614 4514 elfini,

511 4520 635 4589 peritton
653 4529 740 4575 autem
767 4520 900 4591 principia
930 4519 1089 4589 disciplinae
1108 4520 1236 4591 cuiusque
1258 4527 1285 4572 et
1313 4520 1444 4590 praebere
1463 4529 1490 4574 et
1508 4520 1614 4593 conflr-
