<?xml version="1.0" encoding="UTF-8"?>
<!DOCTYPE html PUBLIC "-//W3C//DTD XHTML 1.0 Transitional//EN"
    "http://www.w3.org/TR/xhtml1/DTD/xhtml1-transitional.dtd">
<html xmlns="http://www.w3.org/1999/xhtml" xml:lang="en" lang="en">
 <head>
  <title>
</title>
<meta http-equiv="Content-Type" content="text/html;charset=utf-8" />
  <meta name='ocr-system' content='tesseract 3.04.00' />
  <meta name='ocr-capabilities' content='ocr_page ocr_carea ocr_par ocr_line ocrx_word'/>
</head>
<body>
  <div class='ocr_page' id='page_1' title='image "./nicephorigregor01schogoog_0283.png"; bbox 0 0 4000 5392; ppageno 0'>
   <div class='ocr_carea' id='block_1_1' title="bbox 559 512 1574 701">
    <p class='ocr_par' dir='ltr' id='par_1_1' title="bbox 559 512 1687 701">
     <span class='ocr_line' id='line_1_1' title="bbox 559 512 1574 701; baseline -0.013 -43"><span class='ocrx_word' id='word_1_1' title='bbox 559 588 779 658; x_wconf 77' lang='lat' dir='ltr'><strong>arsnomln</strong></span> <span class='ocrx_word' id='word_1_2' title='bbox 811 582 1071 653; x_wconf 73' lang='lat' dir='ltr'><strong>mutuante</strong></span> <span class='ocrx_word' id='word_1_3' title='bbox 1095 586 1187 651; x_wconf 83' lang='lat' dir='ltr'>xxx.</span> <span class='ocrx_word' id='word_1_4' title='bbox 1210 566 1336 654; x_wconf 82' lang='lat' dir='ltr'><strong>t-a.</strong></span> <span class='ocrx_word' id='word_1_5' title='bbox 1369 512 1521 699; x_wconf 51' lang='grc' dir='ltr'><strong>όρρᾲί</strong></span> <span class='ocrx_word' id='word_1_6' title='bbox 1540 552 1552 701; x_wconf 28' lang='grc'><strong>’1</strong></span> <span class='ocrx_word' id='word_1_7' title='bbox 1566 532 1574 563; x_wconf 67' lang='lat'>⁷</span> 
     </span>
    </p>
   </div>
   <div class='ocr_carea' id='block_1_2' title="bbox 295 741 1558 2047">
    <p class='ocr_par' dir='ltr' id='par_1_2' title="bbox 295 741 1558 2047">
     <span class='ocr_line' id='line_1_2' title="bbox 515 741 1558 839; baseline -0.013 -17"><span class='ocrx_word' id='word_1_8' title='bbox 515 750 611 839; x_wconf 76' lang='grc' dir='ltr'><strong><em>Ἀρτι</em></strong></span> <span class='ocrx_word' id='word_1_9' title='bbox 636 758 698 818; x_wconf 75' lang='grc' dir='ltr'><strong><em>ταῖν</em></strong></span> <span class='ocrx_word' id='word_1_10' title='bbox 720 749 881 821; x_wconf 75' lang='grc' dir='ltr'><strong>εἰωθότων</strong></span> <span class='ocrx_word' id='word_1_11' title='bbox 904 753 960 833; x_wconf 73' lang='grc' dir='ltr'><strong><em>τῆς</em></strong></span> <span class='ocrx_word' id='word_1_12' title='bbox 990 751 1130 835; x_wconf 74' lang='grc' dir='ltr'><strong><em>κεφαλῆς</em></strong></span> <span class='ocrx_word' id='word_1_13' title='bbox 1151 742 1338 831; x_wconf 74' lang='grc' dir='ltr'><em>νοσημάτων</em></span> <span class='ocrx_word' id='word_1_14' title='bbox 1359 741 1467 831; x_wconf 79' lang='grc' dir='ltr'><strong><em>βραχά</em></strong></span> <span class='ocrx_word' id='word_1_15' title='bbox 1491 754 1558 810; x_wconf 62' lang='grc' dir='ltr'><strong>τι.</strong></span> 
     </span>
     <span class='ocr_line' id='line_1_3' title="bbox 403 838 1522 941; baseline -0.013 -17"><span class='ocrx_word' id='word_1_16' title='bbox 403 853 631 941; x_wconf 61' lang='grc' dir='ltr'><strong><em>,άνενεγιιόντα</em></strong></span> <span class='ocrx_word' id='word_1_17' title='bbox 656 855 712 919; x_wconf 88' lang='grc' dir='ltr'><strong><em>τόν</em></strong></span> <span class='ocrx_word' id='word_1_18' title='bbox 734 856 766 919; x_wconf 86' lang='grc' dir='ltr'>Γ</span> <span class='ocrx_word' id='word_1_19' title='bbox 764 854 901 937; x_wconf 83' lang='grc' dir='ltr'><strong><em>ρηγοριῖν</em></strong></span> <span class='ocrx_word' id='word_1_20' title='bbox 927 842 983 935; x_wconf 83' lang='grc' dir='ltr'><strong><em>ἦκε</em></strong></span> <span class='ocrx_word' id='word_1_21' title='bbox 1014 852 1118 914; x_wconf 77' lang='grc' dir='ltr'><strong><em>καλοῦν</em></strong></span> <span class='ocrx_word' id='word_1_22' title='bbox 1152 851 1186 913; x_wconf 78' lang='grc' dir='ltr'><strong>ἐκ</strong></span> <span class='ocrx_word' id='word_1_23' title='bbox 1207 850 1363 931; x_wconf 76' lang='grc' dir='ltr'><strong><em>βασιλέως</em></strong></span> <span class='ocrx_word' id='word_1_24' title='bbox 1385 838 1401 909; x_wconf 86' lang='grc' dir='ltr'><strong><em>ό</em></strong></span> <span class='ocrx_word' id='word_1_25' title='bbox 1423 848 1522 929; x_wconf 75' lang='grc' dir='ltr'><strong><em>μάγος</em></strong></span> 
     </span>
     <span class='ocr_line' id='line_1_4' title="bbox 425 943 1522 1042; baseline -0.015 -18"><span class='ocrx_word' id='word_1_26' title='bbox 425 962 592 1042; x_wconf 76' lang='grc' dir='ltr'><strong><em>λογεθίτης</em></strong></span> <span class='ocrx_word' id='word_1_27' title='bbox 611 952 802 1039; x_wconf 73' lang='grc' dir='ltr'><strong><em>ὁτουδήποτε</em></strong></span> <span class='ocrx_word' id='word_1_28' title='bbox 819 954 944 1016; x_wconf 78' lang='grc' dir='ltr'><strong><em>εἵνεκα·</em></strong></span> <span class='ocrx_word' id='word_1_29' title='bbox 987 952 1042 1015; x_wconf 87' lang='grc' dir='ltr'><strong>καί</strong></span> <span class='ocrx_word' id='word_1_30' title='bbox 1053 946 1161 1033; x_wconf 75' lang='grc' dir='ltr'><strong><em>ἐπειδη</em></strong></span> <span class='ocrx_word' id='word_1_31' title='bbox 1183 944 1444 1032; x_wconf 68' lang='grc' dir='ltr'><strong><em>παρακρούεσθαι</em></strong></span> <span class='ocrx_word' id='word_1_32' title='bbox 1466 943 1522 1009; x_wconf 85' lang='grc' dir='ltr'><strong><em>οόιι</em></strong></span> 
     </span>
     <span class='ocr_line' id='line_1_5' title="bbox 339 1046 1521 1143; baseline -0.014 -17"><span class='ocrx_word' id='word_1_33' title='bbox 339 1091 341 1094; x_wconf 95' lang='grc'><strong><em>·</em></strong></span> <span class='ocrx_word' id='word_1_34' title='bbox 425 1062 507 1143; x_wconf 74' lang='grc' dir='ltr'><strong><em>ἕνην,</em></strong></span> <span class='ocrx_word' id='word_1_35' title='bbox 530 1055 670 1132; x_wconf 75' lang='grc' dir='ltr'><strong><em>ἀναστάς</em></strong></span> <span class='ocrx_word' id='word_1_36' title='bbox 697 1054 810 1142; x_wconf 76' lang='grc' dir='ltr'><strong><em>α’πῄει,</em></strong></span> <span class='ocrx_word' id='word_1_37' title='bbox 849 1057 903 1118; x_wconf 78' lang='grc' dir='ltr'><strong>κατ’</strong></span> <span class='ocrx_word' id='word_1_38' title='bbox 924 1048 993 1132; x_wconf 83' lang='grc' dir='ltr'><strong>άμα</strong></span> <span class='ocrx_word' id='word_1_39' title='bbox 1015 1048 1150 1133; x_wconf 75' lang='grc' dir='ltr'><strong><em>εἱπόμην</em></strong></span> <span class='ocrx_word' id='word_1_40' title='bbox 1179 1046 1277 1124; x_wconf 85' lang='grc' dir='ltr'><strong><em>αότός</em></strong></span> <span class='ocrx_word' id='word_1_41' title='bbox 1298 1047 1521 1127; x_wconf 71' lang='grc' dir='ltr'><strong>ἀκουσόμενος.</strong></span> 
     </span>
     <span class='ocr_line' id='line_1_6' title="bbox 400 1152 571 1244; baseline -0.006 -20"><span class='ocrx_word' id='word_1_42' title='bbox 400 1152 463 1244; x_wconf 73' lang='grc' dir='ltr'><strong><em>δῆν</em></strong></span> <span class='ocrx_word' id='word_1_43' title='bbox 484 1161 518 1225; x_wconf 70' lang='lat' dir='ltr'><strong>tia</strong></span> <span class='ocrx_word' id='word_1_44' title='bbox 536 1185 571 1224; x_wconf 89' lang='lat' dir='ltr'><strong>ro</strong></span> 
     </span>
     <span class='ocr_line' id='line_1_7' title="bbox 424 1250 1529 1349; baseline -0.009 -24"><span class='ocrx_word' id='word_1_45' title='bbox 424 1257 492 1336; x_wconf 77' lang='grc' dir='ltr'><strong><em>θαός</em></strong></span> <span class='ocrx_word' id='word_1_46' title='bbox 512 1256 536 1337; x_wconf 75' lang='grc' dir='ltr'><strong><em>ό</em></strong></span> <span class='ocrx_word' id='word_1_47' title='bbox 547 1262 577 1326; x_wconf 88' lang='grc' dir='ltr'><strong><em>Γ</em></strong></span> <span class='ocrx_word' id='word_1_48' title='bbox 576 1260 734 1349; x_wconf 80' lang='grc' dir='ltr'><strong><em>ρηγοράς,</em></strong></span> <span class='ocrx_word' id='word_1_49' title='bbox 763 1260 819 1321; x_wconf 87' lang='grc' dir='ltr'><strong>καί</strong></span> <span class='ocrx_word' id='word_1_50' title='bbox 847 1251 906 1339; x_wconf 79' lang='grc' dir='ltr'><strong><em>την</em></strong></span> <span class='ocrx_word' id='word_1_51' title='bbox 929 1257 1084 1319; x_wconf 83' lang='grc' dir='ltr'><strong><em>είωθνϊαν</em></strong></span> <span class='ocrx_word' id='word_1_52' title='bbox 1104 1250 1316 1327; x_wconf 83' lang='grc' dir='ltr'><strong><em>α’ποόεδωκεός</em></strong></span> <span class='ocrx_word' id='word_1_53' title='bbox 1336 1254 1378 1339; x_wconf 76' lang='grc' dir='ltr'><strong>τῷ</strong></span> <span class='ocrx_word' id='word_1_54' title='bbox 1398 1253 1529 1341; x_wconf 70' lang='grc' dir='ltr'><strong><em>βασιλεῖ</em></strong></span> 
     </span>
     <span class='ocr_line' id='line_1_8' title="bbox 425 1346 1524 1446; baseline -0.011 -21"><span class='ocrx_word' id='word_1_55' title='bbox 425 1360 616 1446; x_wconf 87' lang='grc' dir='ltr'><strong><em>πρόσρησιν,</em></strong></span> <span class='ocrx_word' id='word_1_56' title='bbox 635 1353 704 1425; x_wconf 83' lang='grc' dir='ltr'><strong><em>εἶτα</em></strong></span> <span class='ocrx_word' id='word_1_57' title='bbox 726 1360 887 1425; x_wconf 77' lang='grc' dir='ltr'><strong><em>ἐκάθισεν.</em></strong></span> <span class='ocrx_word' id='word_1_58' title='bbox 908 1355 1000 1439; x_wconf 82' lang='grc' dir='ltr'><strong><em>ἔτυχε</em></strong></span> <span class='ocrx_word' id='word_1_59' title='bbox 1021 1355 1051 1420; x_wconf 82' lang='grc' dir='ltr'><strong>θ’</strong></span> <span class='ocrx_word' id='word_1_60' title='bbox 1078 1353 1181 1431; x_wconf 80' lang='grc' dir='ltr'><strong><em>εόθός</em></strong></span> <span class='ocrx_word' id='word_1_61' title='bbox 1202 1355 1271 1417; x_wconf 78' lang='grc' dir='ltr'><strong><em>ἐκεί</em></strong></span> <span class='ocrx_word' id='word_1_62' title='bbox 1287 1355 1341 1417; x_wconf 86' lang='grc' dir='ltr'><strong>καί</strong></span> <span class='ocrx_word' id='word_1_63' title='bbox 1361 1346 1377 1414; x_wconf 85' lang='grc' dir='ltr'><strong><em>ό</em></strong></span> <span class='ocrx_word' id='word_1_64' title='bbox 1403 1355 1524 1415; x_wconf 83' lang='grc' dir='ltr'><strong><em>Παλα-</em></strong></span> 
     </span>
     <span class='ocr_line' id='line_1_9' title="bbox 423 1447 1523 1544; baseline -0.011 -18"><span class='ocrx_word' id='word_1_65' title='bbox 423 1466 488 1544; x_wconf 83' lang='grc' dir='ltr'><strong><em>μάς</em></strong></span> <span class='ocrx_word' id='word_1_66' title='bbox 506 1457 691 1540; x_wconf 82' lang='grc' dir='ltr'><strong><em>συνεισιοόν,</em></strong></span> <span class='ocrx_word' id='word_1_67' title='bbox 714 1460 771 1522; x_wconf 77' lang='lat' dir='ltr'><strong>otis</strong></span> <span class='ocrx_word' id='word_1_68' title='bbox 793 1453 854 1523; x_wconf 73' lang='grc' dir='ltr'><strong>οἶδ’</strong></span> <span class='ocrx_word' id='word_1_69' title='bbox 876 1454 1041 1540; x_wconf 88' lang='grc' dir='ltr'><strong><em>όπότερον,</em></strong></span> <span class='ocrx_word' id='word_1_70' title='bbox 1063 1454 1128 1521; x_wconf 79' lang='grc' dir='ltr'><strong><em>εἴτε</em></strong></span> <span class='ocrx_word' id='word_1_71' title='bbox 1152 1456 1187 1520; x_wconf 85' lang='grc' dir='ltr'><strong>ίιι</strong></span> <span class='ocrx_word' id='word_1_72' title='bbox 1207 1452 1404 1537; x_wconf 70' lang='grc' dir='ltr'><strong><em>προθεσμίας</em></strong></span> <span class='ocrx_word' id='word_1_73' title='bbox 1426 1447 1523 1515; x_wconf 87' lang='grc' dir='ltr'><strong><em>πάλαι</em></strong></span> 
     </span>
     <span class='ocr_line' id='line_1_10' title="bbox 424 1548 1523 1646; baseline -0.009 -19"><span class='ocrx_word' id='word_1_74' title='bbox 424 1564 651 1645; x_wconf 83' lang='grc' dir='ltr'><strong><em>μελετηθείσης</em></strong></span> <span class='ocrx_word' id='word_1_75' title='bbox 682 1556 825 1646; x_wconf 75' lang='grc' dir='ltr'><strong><em>ἔφεδρος.</em></strong></span> <span class='ocrx_word' id='word_1_76' title='bbox 847 1562 914 1625; x_wconf 76' lang='grc' dir='ltr'><strong><em>ε’κει·</em></strong></span> <span class='ocrx_word' id='word_1_77' title='bbox 933 1580 995 1621; x_wconf 93' lang='grc' dir='ltr'><strong><em>που</em></strong></span> <span class='ocrx_word' id='word_1_78' title='bbox 1020 1555 1149 1639; x_wconf 81' lang='grc' dir='ltr'><strong><em>παράν,</em></strong></span> <span class='ocrx_word' id='word_1_79' title='bbox 1179 1550 1233 1621; x_wconf 78' lang='grc' dir='ltr'><strong><em>εἴτ’</em></strong></span> <span class='ocrx_word' id='word_1_80' title='bbox 1256 1552 1318 1617; x_wconf 83' lang='grc' dir='ltr'><strong><em>άπό</em></strong></span> <span class='ocrx_word' id='word_1_81' title='bbox 1341 1553 1458 1636; x_wconf 80' lang='grc' dir='ltr'><strong><em>τάχης,</em></strong></span> <span class='ocrx_word' id='word_1_82' title='bbox 1480 1548 1523 1627; x_wconf 83' lang='grc' dir='ltr'><strong><em>οός</em></strong></span> 
     </span>
     <span class='ocr_line' id='line_1_11' title="bbox 295 1647 1520 1746; baseline -0.009 -22"><span class='ocrx_word' id='word_1_83' title='bbox 295 1700 301 1710; x_wconf 78' lang='lat'><em>›</em></span> <span class='ocrx_word' id='word_1_84' title='bbox 385 1662 521 1728; x_wconf 74' lang='grc' dir='ltr'><strong><em>ιθείωθε</em></strong></span> <span class='ocrx_word' id='word_1_85' title='bbox 541 1665 685 1746; x_wconf 85' lang='grc' dir='ltr'><strong><em>γίνεσθαι</em></strong></span> <span class='ocrx_word' id='word_1_86' title='bbox 716 1658 755 1725; x_wconf 85' lang='grc' dir='ltr'><strong>τά</strong></span> <span class='ocrx_word' id='word_1_87' title='bbox 779 1658 879 1725; x_wconf 84' lang='grc' dir='ltr'><strong><em>πολλά</em></strong></span> <span class='ocrx_word' id='word_1_88' title='bbox 903 1663 965 1725; x_wconf 81' lang='grc' dir='ltr'><strong><em>τάν</em></strong></span> <span class='ocrx_word' id='word_1_89' title='bbox 987 1661 1022 1723; x_wconf 72' lang='grc' dir='ltr'><strong><em>ἐν</em></strong></span> <span class='ocrx_word' id='word_1_90' title='bbox 1042 1654 1150 1746; x_wconf 75' lang='grc' dir='ltr'><strong><em>κόσμρ</em></strong></span> <span class='ocrx_word' id='word_1_91' title='bbox 1170 1652 1373 1739; x_wconf 88' lang='grc' dir='ltr'><strong><em>πραγμάτων.</em></strong></span> <span class='ocrx_word' id='word_1_92' title='bbox 1428 1647 1463 1727; x_wconf 86' lang='grc' dir='ltr'><strong><em>ός</em></strong></span> <span class='ocrx_word' id='word_1_93' title='bbox 1483 1648 1520 1737; x_wconf 68' lang='grc' dir='ltr'><strong>δη</strong></span> 
     </span>
     <span class='ocr_line' id='line_1_12' title="bbox 426 1750 1523 1845; baseline -0.007 -18"><span class='ocrx_word' id='word_1_94' title='bbox 426 1762 481 1827; x_wconf 82' lang='grc' dir='ltr'><strong>καί</strong></span> <span class='ocrx_word' id='word_1_95' title='bbox 502 1761 540 1827; x_wconf 90' lang='grc' dir='ltr'><strong>τά</strong></span> <span class='ocrx_word' id='word_1_96' title='bbox 564 1766 739 1845; x_wconf 75' lang='grc' dir='ltr'><strong><em>παλαιγενῆ</em></strong></span> <span class='ocrx_word' id='word_1_97' title='bbox 760 1764 942 1845; x_wconf 73' lang='grc' dir='ltr'><strong><em>προπετῶς,</em></strong></span> <span class='ocrx_word' id='word_1_98' title='bbox 972 1760 1029 1825; x_wconf 76' lang='grc' dir='ltr'><strong>κατ’</strong></span> <span class='ocrx_word' id='word_1_99' title='bbox 1052 1750 1110 1825; x_wconf 73' lang='grc' dir='ltr'><strong>ὅσα</strong></span> <span class='ocrx_word' id='word_1_100' title='bbox 1134 1756 1234 1841; x_wconf 85' lang='grc' dir='ltr'><strong><em>λη’θης</em></strong></span> <span class='ocrx_word' id='word_1_101' title='bbox 1267 1758 1393 1839; x_wconf 86' lang='grc' dir='ltr'><strong><em>μακράς</em></strong></span> <span class='ocrx_word' id='word_1_102' title='bbox 1421 1779 1523 1820; x_wconf 85' lang='grc' dir='ltr'><strong><em>συνα-</em></strong></span> 
     </span>
     <span class='ocr_line' id='line_1_13' title="bbox 425 1858 1523 1951; baseline -0.004 -24"><span class='ocrx_word' id='word_1_103' title='bbox 425 1863 600 1948; x_wconf 80' lang='grc' dir='ltr'><strong><em>πὴχθηοαν</em></strong></span> <span class='ocrx_word' id='word_1_104' title='bbox 621 1861 780 1949; x_wconf 80' lang='grc' dir='ltr'><strong><em>ῥεόμασι,</em></strong></span> <span class='ocrx_word' id='word_1_105' title='bbox 808 1865 942 1951; x_wconf 75' lang='grc' dir='ltr'><strong><em>μηδαμῇ</em></strong></span> <span class='ocrx_word' id='word_1_106' title='bbox 972 1862 1010 1949; x_wconf 80' lang='grc' dir='ltr'><strong>τῇ</strong></span> <span class='ocrx_word' id='word_1_107' title='bbox 1030 1860 1177 1947; x_wconf 79' lang='grc' dir='ltr'><strong><em>παροόση</em></strong></span> <span class='ocrx_word' id='word_1_108' title='bbox 1210 1858 1405 1944; x_wconf 72' lang='grc' dir='ltr'><strong><em>προσήκοντα</em></strong></span> <span class='ocrx_word' id='word_1_109' title='bbox 1429 1860 1523 1946; x_wconf 73' lang='grc' dir='ltr'><strong><em>χρείᾳ</em></strong></span> 
     </span>
     <span class='ocr_line' id='line_1_14' title="bbox 425 1952 1522 2047; baseline -0.005 -20"><span class='ocrx_word' id='word_1_110' title='bbox 425 1961 651 2047; x_wconf 80' lang='grc' dir='ltr'><strong><em>προδιαλαβοόν</em></strong></span> <span class='ocrx_word' id='word_1_111' title='bbox 681 1962 736 2027; x_wconf 81' lang='grc' dir='ltr'><strong>καί</strong></span> <span class='ocrx_word' id='word_1_112' title='bbox 759 1960 1043 2046; x_wconf 80' lang='grc' dir='ltr'><strong><em>τερατευσάμενος,</em></strong></span> <span class='ocrx_word' id='word_1_113' title='bbox 1063 1958 1107 2036; x_wconf 74' lang='grc' dir='ltr'><strong><em>ὥς</em></strong></span> <span class='ocrx_word' id='word_1_114' title='bbox 1128 1958 1257 2041; x_wconf 80' lang='grc' dir='ltr'><strong><em>είάθει,</em></strong></span> <span class='ocrx_word' id='word_1_115' title='bbox 1286 1961 1340 2023; x_wconf 81' lang='grc' dir='ltr'><strong>καί</strong></span> <span class='ocrx_word' id='word_1_116' title='bbox 1360 1952 1421 2023; x_wconf 83' lang='grc' dir='ltr'><strong>όσα</strong></span> <span class='ocrx_word' id='word_1_117' title='bbox 1443 1954 1522 2042; x_wconf 84' lang='grc' dir='ltr'><strong><em>πρός</em></strong></span> 
     </span>
    </p>
   </div>
   <div class='ocr_carea' id='block_1_3' title="bbox 335 2158 1657 2958">
    <p class='ocr_par' dir='ltr' id='par_1_3' title="bbox 335 2158 1634 2657">
     <span class='ocr_line' id='line_1_15' title="bbox 335 2158 1634 2250; baseline 0.002 -24"><span class='ocrx_word' id='word_1_118' title='bbox 335 2198 342 2205; x_wconf 91' lang='grc'><strong>-</strong></span> <span class='ocrx_word' id='word_1_119' title='bbox 385 2165 534 2249; x_wconf 75' lang='grc' dir='ltr'><strong><em>ίδτριβῆς</em></strong></span> <span class='ocrx_word' id='word_1_120' title='bbox 564 2169 618 2229; x_wconf 83' lang='grc' dir='ltr'><strong>καί</strong></span> <span class='ocrx_word' id='word_1_121' title='bbox 654 2168 710 2250; x_wconf 81' lang='grc' dir='ltr'><strong><em>τη”ς</em></strong></span> <span class='ocrx_word' id='word_1_122' title='bbox 732 2163 814 2249; x_wconf 87' lang='grc' dir='ltr'><strong><em>πρός</em></strong></span> <span class='ocrx_word' id='word_1_123' title='bbox 835 2164 1204 2248; x_wconf 78' lang='grc' dir='ltr'><strong><em>Βαρλαάμ-όιαλίξεως,</em></strong></span> <span class='ocrx_word' id='word_1_124' title='bbox 1235 2165 1290 2227; x_wconf 86' lang='grc' dir='ltr'><strong>καί</strong></span> <span class='ocrx_word' id='word_1_125' title='bbox 1308 2158 1460 2225; x_wconf 87' lang='grc' dir='ltr'><strong><em>τοιυόιων</em></strong></span> <span class='ocrx_word' id='word_1_126' title='bbox 1482 2158 1523 2245; x_wconf 73' lang='grc' dir='ltr'><strong>δὴ</strong></span> <span class='ocrx_word' id='word_1_127' title='bbox 1625 2214 1634 2229; x_wconf 89' lang='grc'><em>.</em></span> 
     </span>
     <span class='ocr_line' id='line_1_16' title="bbox 427 2256 1524 2361; baseline -0.006 -30"><span class='ocrx_word' id='word_1_128' title='bbox 427 2268 519 2331; x_wconf 79' lang='grc' dir='ltr'><strong><em>τινῶν</em></strong></span> <span class='ocrx_word' id='word_1_129' title='bbox 538 2265 597 2343; x_wconf 88' lang='grc' dir='ltr'><strong><em>τάς</em></strong></span> <span class='ocrx_word' id='word_1_130' title='bbox 615 2269 677 2332; x_wconf 85' lang='grc' dir='ltr'><strong><em>τοόν</em></strong></span> <span class='ocrx_word' id='word_1_131' title='bbox 699 2256 949 2361; x_wconf 55' lang='grc' dir='ltr'><strong><em>παρατυχόντων</em></strong></span> <span class='ocrx_word' id='word_1_132' title='bbox 967 2262 1176 2351; x_wconf 83' lang='grc' dir='ltr'><strong><em>ε’μπιπληκάς</em></strong></span> <span class='ocrx_word' id='word_1_133' title='bbox 1201 2260 1312 2346; x_wconf 83' lang='grc' dir='ltr'><strong><em>οἶκοάς,</em></strong></span> <span class='ocrx_word' id='word_1_134' title='bbox 1342 2260 1396 2325; x_wconf 84' lang='grc' dir='ltr'><strong>καί</strong></span> <span class='ocrx_word' id='word_1_135' title='bbox 1418 2259 1524 2339; x_wconf 84' lang='grc' dir='ltr'><strong><em>δείξας</em></strong></span> 
     </span>
     <span class='ocr_line' id='line_1_17' title="bbox 427 2359 1526 2449; baseline -0.001 -23"><span class='ocrx_word' id='word_1_136' title='bbox 427 2361 526 2431; x_wconf 72' lang='grc' dir='ltr'><strong><em>οἱονεί</em></strong></span> <span class='ocrx_word' id='word_1_137' title='bbox 543 2366 857 2449; x_wconf 71' lang='grc' dir='ltr'><strong><em>προβεβουλευμένον</em></strong></span> <span class='ocrx_word' id='word_1_138' title='bbox 877 2359 960 2431; x_wconf 79' lang='grc' dir='ltr'><strong><em>εἶναι</em></strong></span> <span class='ocrx_word' id='word_1_139' title='bbox 981 2364 1037 2429; x_wconf 83' lang='grc' dir='ltr'><strong>καί</strong></span> <span class='ocrx_word' id='word_1_140' title='bbox 1058 2366 1223 2447; x_wconf 75' lang='grc' dir='ltr'><strong><em>ἐπίβουλον</em></strong></span> <span class='ocrx_word' id='word_1_141' title='bbox 1252 2360 1309 2427; x_wconf 91' lang='grc' dir='ltr'><strong><em>τόν</em></strong></span> <span class='ocrx_word' id='word_1_142' title='bbox 1331 2360 1446 2427; x_wconf 88' lang='grc' dir='ltr'><strong><em>σκοπόν</em></strong></span> <span class='ocrx_word' id='word_1_143' title='bbox 1469 2363 1526 2444; x_wconf 84' lang='grc' dir='ltr'><strong><em>τη”ς</em></strong></span> 
     </span>
     <span class='ocr_line' id='line_1_18' title="bbox 426 2464 1525 2551; baseline -0.004 -22"><span class='ocrx_word' id='word_1_144' title='bbox 426 2467 600 2548; x_wconf 76' lang='grc' dir='ltr'><strong><em>τηνικαῦτα</em></strong></span> <span class='ocrx_word' id='word_1_145' title='bbox 621 2465 722 2532; x_wconf 81' lang='grc' dir='ltr'><strong><em>αότοό</em></strong></span> <span class='ocrx_word' id='word_1_146' title='bbox 742 2490 778 2549; x_wconf 90' lang='grc' dir='ltr'><strong><em>γε</em></strong></span> <span class='ocrx_word' id='word_1_147' title='bbox 805 2469 976 2551; x_wconf 77' lang='grc' dir='ltr'><strong><em>ἐπιδημίας</em></strong></span> <span class='ocrx_word' id='word_1_148' title='bbox 999 2464 1078 2550; x_wconf 91' lang='grc' dir='ltr'><strong><em>πρός</em></strong></span> <span class='ocrx_word' id='word_1_149' title='bbox 1101 2464 1310 2547; x_wconf 75' lang='grc' dir='ltr'><strong><em>ἐπιδεικτικὴν</em></strong></span> <span class='ocrx_word' id='word_1_150' title='bbox 1333 2464 1525 2550; x_wconf 86' lang='grc' dir='ltr'><strong><em>φαντασίαν,</em></strong></span> 
     </span>
     <span class='ocr_line' id='line_1_19' title="bbox 426 2557 1561 2657; baseline -0.001 -29"><span class='ocrx_word' id='word_1_151' title='bbox 426 2559 495 2629; x_wconf 83' lang='grc' dir='ltr'><strong><em>είτα</em></strong></span> <span class='ocrx_word' id='word_1_152' title='bbox 521 2570 655 2650; x_wconf 81' lang='grc' dir='ltr'><strong><em>ἐσίγησε.</em></strong></span> <span class='ocrx_word' id='word_1_153' title='bbox 699 2566 754 2630; x_wconf 83' lang='grc' dir='ltr'><strong>καί</strong></span> <span class='ocrx_word' id='word_1_154' title='bbox 773 2568 825 2631; x_wconf 78' lang='grc' dir='ltr'><strong><em>ἵνα</em></strong></span> <span class='ocrx_word' id='word_1_155' title='bbox 847 2568 906 2631; x_wconf 87' lang='grc' dir='ltr'><strong><em>τάν</em></strong></span> <span class='ocrx_word' id='word_1_156' title='bbox 924 2572 1011 2657; x_wconf 80' lang='grc' dir='ltr'><strong><em>μίσιρ</em></strong></span> <span class='ocrx_word' id='word_1_157' title='bbox 1034 2571 1204 2651; x_wconf 74' lang='grc' dir='ltr'><strong><em>παρέλθω,</em></strong></span> <span class='ocrx_word' id='word_1_158' title='bbox 1227 2562 1280 2629; x_wconf 81' lang='grc' dir='ltr'><strong>καί</strong></span> <span class='ocrx_word' id='word_1_159' title='bbox 1300 2557 1360 2629; x_wconf 85' lang='grc' dir='ltr'><strong>όσα</strong></span> <span class='ocrx_word' id='word_1_160' title='bbox 1382 2570 1447 2639; x_wconf 70' lang='grc' dir='ltr'><strong><em>τοῖς</em></strong></span> <span class='ocrx_word' id='word_1_161' title='bbox 1467 2561 1561 2644; x_wconf 63' lang='lat' dir='ltr'><strong>Epo-2</strong></span> 
     </span>
    </p>

    <p class='ocr_par' dir='ltr' id='par_1_4' title="bbox 384 2660 1602 2751">
     <span class='ocr_line' id='line_1_20' title="bbox 384 2660 1602 2751; baseline -0.002 -21"><span class='ocrx_word' id='word_1_162' title='bbox 384 2671 569 2750; x_wconf 69' lang='grc' dir='ltr'><strong><em>λθπροσθεν</em></strong></span> <span class='ocrx_word' id='word_1_163' title='bbox 591 2668 771 2751; x_wconf 79' lang='grc' dir='ltr'><strong><em>α’ναγκαίοις</em></strong></span> <span class='ocrx_word' id='word_1_164' title='bbox 793 2670 935 2750; x_wconf 75' lang='grc' dir='ltr'><strong><em>γίγνοιντ’</em></strong></span> <span class='ocrx_word' id='word_1_165' title='bbox 957 2660 998 2733; x_wconf 82' lang='grc' dir='ltr'><strong><em>όν</em></strong></span> <span class='ocrx_word' id='word_1_166' title='bbox 1016 2668 1179 2749; x_wconf 75' lang='grc' dir='ltr'><strong><em>ἐμποδών,</em></strong></span> <span class='ocrx_word' id='word_1_167' title='bbox 1203 2664 1282 2751; x_wconf 90' lang='grc' dir='ltr'><strong><em>πρός</em></strong></span> <span class='ocrx_word' id='word_1_168' title='bbox 1304 2662 1339 2731; x_wconf 91' lang='grc' dir='ltr'><strong>τό</strong></span> <span class='ocrx_word' id='word_1_169' title='bbox 1361 2663 1525 2746; x_wconf 80' lang='grc' dir='ltr'><strong><em>οἷπροσόό-</em></strong></span> <span class='ocrx_word' id='word_1_170' title='bbox 1600 2680 1602 2685; x_wconf 87' lang='grc'><strong><em>·</em></strong></span> 
     </span>
    </p>

    <p class='ocr_par' dir='ltr' id='par_1_5' title="bbox 428 2765 1657 2958">
     <span class='ocr_line' id='line_1_21' title="bbox 428 2765 1526 2855; baseline -0.003 -24"><span class='ocrx_word' id='word_1_171' title='bbox 428 2790 518 2852; x_wconf 88' lang='grc' dir='ltr'><strong><em>κητεν</em></strong></span> <span class='ocrx_word' id='word_1_172' title='bbox 539 2771 648 2837; x_wconf 74' lang='grc' dir='ltr'><strong><em>ταυτολ·</em></strong></span> <span class='ocrx_word' id='word_1_173' title='bbox 680 2772 736 2832; x_wconf 86' lang='grc' dir='ltr'><strong>καί</strong></span> <span class='ocrx_word' id='word_1_174' title='bbox 754 2772 915 2855; x_wconf 76' lang='grc' dir='ltr'><strong><em>αἰφνίδιον</em></strong></span> <span class='ocrx_word' id='word_1_175' title='bbox 942 2768 1249 2854; x_wconf 87' lang='grc' dir='ltr'><strong><em>προοιμιασάμενος,</em></strong></span> <span class='ocrx_word' id='word_1_176' title='bbox 1272 2765 1326 2832; x_wconf 85' lang='grc' dir='ltr'><strong>καί</strong></span> <span class='ocrx_word' id='word_1_177' title='bbox 1347 2767 1526 2849; x_wconf 75' lang='grc' dir='ltr'><strong><em>προδιαλε-</em></strong></span> 
     </span>
     <span class='ocr_line' id='line_1_22' title="bbox 428 2864 1657 2958; baseline 0 -25"><span class='ocrx_word' id='word_1_178' title='bbox 428 2868 496 2951; x_wconf 82' lang='grc' dir='ltr'><strong><em>βοόν</em></strong></span> <span class='ocrx_word' id='word_1_179' title='bbox 516 2865 579 2936; x_wconf 86' lang='grc' dir='ltr'><strong>όσα</strong></span> <span class='ocrx_word' id='word_1_180' title='bbox 599 2870 690 2953; x_wconf 80' lang='grc' dir='ltr'><strong><em>εἰκός,</em></strong></span> <span class='ocrx_word' id='word_1_181' title='bbox 713 2875 770 2937; x_wconf 86' lang='grc' dir='ltr'><strong>καί</strong></span> <span class='ocrx_word' id='word_1_182' title='bbox 798 2869 1001 2958; x_wconf 85' lang='grc' dir='ltr'><strong><em>όΓρηγοράς</em></strong></span> <span class='ocrx_word' id='word_1_183' title='bbox 1024 2865 1071 2935; x_wconf 85' lang='grc' dir='ltr'><strong>ότι</strong></span> <span class='ocrx_word' id='word_1_184' title='bbox 1102 2864 1143 2936; x_wconf 85' lang='grc' dir='ltr'><strong><em>άν</em></strong></span> <span class='ocrx_word' id='word_1_185' title='bbox 1168 2873 1223 2936; x_wconf 79' lang='grc' dir='ltr'><strong><em>κατ’</em></strong></span> <span class='ocrx_word' id='word_1_186' title='bbox 1256 2865 1335 2953; x_wconf 90' lang='grc' dir='ltr'><strong><em>πρός</em></strong></span> <span class='ocrx_word' id='word_1_187' title='bbox 1356 2866 1458 2933; x_wconf 73' lang='lat' dir='ltr'><strong>oritoni</strong></span> <span class='ocrx_word' id='word_1_188' title='bbox 1477 2864 1657 2950; x_wconf 74' lang='grc' dir='ltr'><strong><em>εόηλλθλτ.</em></strong></span> 
     </span>
    </p>
   </div>
   <div class='ocr_carea' id='block_1_4' title="bbox 338 3152 1528 4577">
    <p class='ocr_par' dir='ltr' id='par_1_6' title="bbox 431 3152 1527 3364">
     <span class='ocr_line' id='line_1_23' title="bbox 531 3152 1526 3223; baseline 0.001 -19"><span class='ocrx_word' id='word_1_189' title='bbox 531 3152 607 3217; x_wconf 81' lang='lat' dir='ltr'><strong>Quae</strong></span> <span class='ocrx_word' id='word_1_190' title='bbox 626 3160 714 3205; x_wconf 85' lang='lat' dir='ltr'><strong>eutem</strong></span> <span class='ocrx_word' id='word_1_191' title='bbox 731 3160 879 3206; x_wconf 85' lang='lat' dir='ltr'><strong>memorata</strong></span> <span class='ocrx_word' id='word_1_192' title='bbox 898 3154 1020 3222; x_wconf 76' lang='lat' dir='ltr'><strong>digniora</strong></span> <span class='ocrx_word' id='word_1_193' title='bbox 1042 3160 1104 3206; x_wconf 85' lang='lat' dir='ltr'><strong>sunt</strong></span> <span class='ocrx_word' id='word_1_194' title='bbox 1117 3160 1143 3207; x_wconf 90' lang='lat' dir='ltr'><strong>et</strong></span> <span class='ocrx_word' id='word_1_195' title='bbox 1161 3168 1230 3223; x_wconf 81' lang='lat' dir='ltr'><strong>quaa</strong></span> <span class='ocrx_word' id='word_1_196' title='bbox 1248 3153 1413 3221; x_wconf 84' lang='lat' dir='ltr'><strong>potissimum</strong></span> <span class='ocrx_word' id='word_1_197' title='bbox 1435 3152 1526 3206; x_wconf 84' lang='lat' dir='ltr'><strong>audias</strong></span> 
     </span>
     <span class='ocr_line' id='line_1_24' title="bbox 431 3224 1526 3293; baseline -0.004 -18"><span class='ocrx_word' id='word_1_198' title='bbox 431 3237 545 3276; x_wconf 80' lang='lat' dir='ltr'><strong>necesse</strong></span> <span class='ocrx_word' id='word_1_199' title='bbox 567 3232 618 3289; x_wconf 85' lang='lat' dir='ltr'><strong>est,</strong></span> <span class='ocrx_word' id='word_1_200' title='bbox 638 3240 670 3276; x_wconf 84' lang='lat' dir='ltr'><strong>ca</strong></span> <span class='ocrx_word' id='word_1_201' title='bbox 689 3226 771 3293; x_wconf 78' lang='lat' dir='ltr'><strong>igitur</strong></span> <span class='ocrx_word' id='word_1_202' title='bbox 789 3224 910 3278; x_wconf 84' lang='lat' dir='ltr'><strong>breviter</strong></span> <span class='ocrx_word' id='word_1_203' title='bbox 928 3233 956 3278; x_wconf 88' lang='lat' dir='ltr'><strong>ct</strong></span> <span class='ocrx_word' id='word_1_204' title='bbox 976 3227 1122 3278; x_wconf 84' lang='lat' dir='ltr'><strong>summatim</strong></span> <span class='ocrx_word' id='word_1_205' title='bbox 1141 3224 1189 3277; x_wconf 91' lang='lat' dir='ltr'><strong>tibi</strong></span> <span class='ocrx_word' id='word_1_206' title='bbox 1209 3224 1429 3277; x_wconf 75' lang='lat' dir='ltr'><strong>commemorabo.</strong></span> <span class='ocrx_word' id='word_1_207' title='bbox 1456 3224 1526 3277; x_wconf 83' lang='lat' dir='ltr'><strong>(irc.</strong></span> 
     </span>
     <span class='ocr_line' id='line_1_25' title="bbox 431 3294 1527 3364; baseline -0.003 -18"><span class='ocrx_word' id='word_1_208' title='bbox 431 3310 510 3363; x_wconf 73' lang='lat' dir='ltr'><strong>goras</strong></span> <span class='ocrx_word' id='word_1_209' title='bbox 530 3310 589 3347; x_wconf 87' lang='lat' dir='ltr'><strong>cum</strong></span> <span class='ocrx_word' id='word_1_210' title='bbox 608 3297 686 3349; x_wconf 85' lang='lat' dir='ltr'><strong>modo</strong></span> <span class='ocrx_word' id='word_1_211' title='bbox 706 3312 739 3348; x_wconf 84' lang='lat' dir='ltr'><strong>ex</strong></span> <span class='ocrx_word' id='word_1_212' title='bbox 757 3298 896 3350; x_wconf 84' lang='lat' dir='ltr'><strong>consuetis</strong></span> <span class='ocrx_word' id='word_1_213' title='bbox 921 3299 1015 3364; x_wconf 86' lang='lat' dir='ltr'><strong>capitia</strong></span> <span class='ocrx_word' id='word_1_214' title='bbox 1034 3296 1170 3351; x_wconf 88' lang='lat' dir='ltr'><strong>doloribus</strong></span> <span class='ocrx_word' id='word_1_215' title='bbox 1189 3298 1262 3348; x_wconf 79' lang='lat' dir='ltr'><strong>vires</strong></span> <span class='ocrx_word' id='word_1_216' title='bbox 1293 3309 1436 3362; x_wconf 75' lang='lat' dir='ltr'><strong>parumper</strong></span> <span class='ocrx_word' id='word_1_217' title='bbox 1451 3294 1527 3346; x_wconf 86' lang='lat' dir='ltr'><strong>rele-</strong></span> 
     </span>
    </p>

    <p class='ocr_par' dir='ltr' id='par_1_7' title="bbox 338 3364 1528 4577">
     <span class='ocr_line' id='line_1_26' title="bbox 338 3364 1527 3438; baseline 0 -21"><span class='ocrx_word' id='word_1_218' title='bbox 338 3420 349 3435; x_wconf 52' lang='grc'><strong>,</strong></span> <span class='ocrx_word' id='word_1_219' title='bbox 431 3368 528 3430; x_wconf 77' lang='lat' dir='ltr'><strong>cieret,</strong></span> <span class='ocrx_word' id='word_1_220' title='bbox 552 3367 714 3419; x_wconf 83' lang='lat' dir='ltr'><strong>invitaturus</strong></span> <span class='ocrx_word' id='word_1_221' title='bbox 734 3384 793 3420; x_wconf 87' lang='lat' dir='ltr'><strong>enm</strong></span> <span class='ocrx_word' id='word_1_222' title='bbox 818 3368 851 3420; x_wconf 89' lang='lat' dir='ltr'><strong>ab</strong></span> <span class='ocrx_word' id='word_1_223' title='bbox 878 3370 1039 3438; x_wconf 71' lang='lat' dir='ltr'><strong>imperatore</strong></span> <span class='ocrx_word' id='word_1_224' title='bbox 1064 3368 1158 3419; x_wconf 83' lang='lat' dir='ltr'><strong>misens</strong></span> <span class='ocrx_word' id='word_1_225' title='bbox 1186 3374 1227 3417; x_wconf 86' lang='lat' dir='ltr'><strong>cst</strong></span> <span class='ocrx_word' id='word_1_226' title='bbox 1253 3380 1365 3434; x_wconf 74' lang='lat' dir='ltr'><strong>magnus</strong></span> <span class='ocrx_word' id='word_1_227' title='bbox 1388 3364 1527 3433; x_wconf 73' lang='lat' dir='ltr'><strong>logotheta</strong></span> 
     </span>
     <span class='ocr_line' id='line_1_27' title="bbox 432 3435 1527 3508; baseline 0.001 -20"><span class='ocrx_word' id='word_1_228' title='bbox 432 3452 590 3507; x_wconf 87' lang='lat' dir='ltr'><strong>quacunque</strong></span> <span class='ocrx_word' id='word_1_229' title='bbox 609 3438 643 3491; x_wconf 88' lang='lat' dir='ltr'><strong>(le</strong></span> <span class='ocrx_word' id='word_1_230' title='bbox 662 3454 755 3492; x_wconf 83' lang='lat' dir='ltr'><strong>causa:</strong></span> <span class='ocrx_word' id='word_1_231' title='bbox 778 3440 849 3508; x_wconf 81' lang='lat' dir='ltr'><strong>quoti</strong></span> <span class='ocrx_word' id='word_1_232' title='bbox 868 3456 926 3492; x_wconf 92' lang='lat' dir='ltr'><strong>cum</strong></span> <span class='ocrx_word' id='word_1_233' title='bbox 945 3454 1075 3491; x_wconf 82' lang='lat' dir='ltr'><strong>excusare</strong></span> <span class='ocrx_word' id='word_1_234' title='bbox 1099 3452 1153 3489; x_wconf 91' lang='lat' dir='ltr'><strong>non</strong></span> <span class='ocrx_word' id='word_1_235' title='bbox 1173 3444 1280 3505; x_wconf 83' lang='lat' dir='ltr'><strong>posset,</strong></span> <span class='ocrx_word' id='word_1_236' title='bbox 1300 3452 1443 3505; x_wconf 76' lang='lat' dir='ltr'><strong>assurgens</strong></span> <span class='ocrx_word' id='word_1_237' title='bbox 1462 3435 1527 3489; x_wconf 85' lang='lat' dir='ltr'><strong>abiit</strong></span> 
     </span>
     <span class='ocr_line' id='line_1_28' title="bbox 434 3506 1526 3580; baseline -0.002 -21"><span class='ocrx_word' id='word_1_238' title='bbox 434 3516 461 3559; x_wconf 87' lang='lat' dir='ltr'><strong>ct</strong></span> <span class='ocrx_word' id='word_1_239' title='bbox 477 3509 615 3562; x_wconf 80' lang='lat' dir='ltr'><strong>auditurae</strong></span> <span class='ocrx_word' id='word_1_240' title='bbox 636 3526 694 3562; x_wconf 89' lang='lat' dir='ltr'><strong>enm</strong></span> <span class='ocrx_word' id='word_1_241' title='bbox 713 3512 772 3578; x_wconf 92' lang='lat' dir='ltr'><strong>ipsc</strong></span> <span class='ocrx_word' id='word_1_242' title='bbox 790 3519 918 3580; x_wconf 89' lang='lat' dir='ltr'><strong>sequutus</strong></span> <span class='ocrx_word' id='word_1_243' title='bbox 937 3526 1004 3562; x_wconf 87' lang='lat' dir='ltr'><strong>snm.</strong></span> <span class='ocrx_word' id='word_1_244' title='bbox 1046 3524 1134 3561; x_wconf 85' lang='lat' dir='ltr'><strong>serum</strong></span> <span class='ocrx_word' id='word_1_245' title='bbox 1161 3509 1211 3559; x_wconf 89' lang='lat' dir='ltr'><strong>lam</strong></span> <span class='ocrx_word' id='word_1_246' title='bbox 1232 3509 1285 3562; x_wconf 87' lang='lat' dir='ltr'><strong>diei</strong></span> <span class='ocrx_word' id='word_1_247' title='bbox 1306 3514 1362 3558; x_wconf 87' lang='lat' dir='ltr'><strong>arat</strong></span> <span class='ocrx_word' id='word_1_248' title='bbox 1380 3514 1439 3574; x_wconf 91' lang='lat' dir='ltr'><strong>post</strong></span> <span class='ocrx_word' id='word_1_249' title='bbox 1460 3506 1526 3557; x_wconf 87' lang='lat' dir='ltr'><strong>solis</strong></span> 
     </span>
     <span class='ocr_line' id='line_1_29' title="bbox 432 3577 1526 3651; baseline -0.003 -21"><span class='ocrx_word' id='word_1_250' title='bbox 432 3594 563 3631; x_wconf 86' lang='lat' dir='ltr'><strong>occasum.</strong></span> <span class='ocrx_word' id='word_1_251' title='bbox 608 3597 640 3634; x_wconf 85' lang='lat' dir='ltr'><strong>ac</strong></span> <span class='ocrx_word' id='word_1_252' title='bbox 665 3582 798 3651; x_wconf 79' lang='lat' dir='ltr'><strong>Gregoras</strong></span> <span class='ocrx_word' id='word_1_253' title='bbox 817 3584 921 3651; x_wconf 85' lang='lat' dir='ltr'><strong>quidem</strong></span> <span class='ocrx_word' id='word_1_254' title='bbox 951 3580 1182 3632; x_wconf 45' lang='lat' dir='ltr'><strong>cumundvenisaet</strong></span> <span class='ocrx_word' id='word_1_255' title='bbox 1207 3587 1234 3630; x_wconf 92' lang='lat' dir='ltr'><strong>et</strong></span> <span class='ocrx_word' id='word_1_256' title='bbox 1261 3579 1365 3631; x_wconf 86' lang='lat' dir='ltr'><strong>solitam</strong></span> <span class='ocrx_word' id='word_1_257' title='bbox 1385 3577 1417 3629; x_wconf 89' lang='lat' dir='ltr'><strong>ad</strong></span> <span class='ocrx_word' id='word_1_258' title='bbox 1435 3588 1526 3646; x_wconf 79' lang='lat' dir='ltr'><strong>regem</strong></span> 
     </span>
     <span class='ocr_line' id='line_1_30' title="bbox 432 3649 1526 3721; baseline -0.004 -19"><span class='ocrx_word' id='word_1_259' title='bbox 432 3651 621 3703; x_wconf 83' lang='lat' dir='ltr'><strong>allocutionem</strong></span> <span class='ocrx_word' id='word_1_260' title='bbox 641 3655 832 3721; x_wconf 80' lang='lat' dir='ltr'><strong>expedivissct,</strong></span> <span class='ocrx_word' id='word_1_261' title='bbox 851 3658 935 3721; x_wconf 86' lang='lat' dir='ltr'><strong>(tum)</strong></span> <span class='ocrx_word' id='word_1_262' title='bbox 955 3652 1087 3703; x_wconf 83' lang='lat' dir='ltr'><strong>consedit.</strong></span> <span class='ocrx_word' id='word_1_263' title='bbox 1120 3650 1189 3701; x_wconf 81' lang='lat' dir='ltr'><strong>torte</strong></span> <span class='ocrx_word' id='word_1_264' title='bbox 1209 3657 1296 3703; x_wconf 85' lang='lat' dir='ltr'><strong>autern</strong></span> <span class='ocrx_word' id='word_1_265' title='bbox 1316 3649 1420 3702; x_wconf 79' lang='lat' dir='ltr'><strong>fortuna</strong></span> <span class='ocrx_word' id='word_1_266' title='bbox 1439 3650 1526 3701; x_wconf 88' lang='lat' dir='ltr'><strong>statim</strong></span> 
     </span>
     <span class='ocr_line' id='line_1_31' title="bbox 430 3719 1527 3789; baseline -0.001 -16"><span class='ocrx_word' id='word_1_267' title='bbox 430 3722 467 3773; x_wconf 90' lang='lat' dir='ltr'><strong>ibi</strong></span> <span class='ocrx_word' id='word_1_268' title='bbox 486 3723 565 3774; x_wconf 85' lang='lat' dir='ltr'><strong>ctiam</strong></span> <span class='ocrx_word' id='word_1_269' title='bbox 584 3722 703 3777; x_wconf 82' lang='lat' dir='ltr'><strong>Palamas</strong></span> <span class='ocrx_word' id='word_1_270' title='bbox 729 3726 807 3777; x_wconf 89' lang='lat' dir='ltr'><strong>simul</strong></span> <span class='ocrx_word' id='word_1_271' title='bbox 827 3725 946 3789; x_wconf 90' lang='lat' dir='ltr'><strong>introiit,</strong></span> <span class='ocrx_word' id='word_1_272' title='bbox 966 3724 1077 3786; x_wconf 82' lang='lat' dir='ltr'><strong>nescio,</strong></span> <span class='ocrx_word' id='word_1_273' title='bbox 1097 3729 1181 3772; x_wconf 87' lang='lat' dir='ltr'><strong>utrum</strong></span> <span class='ocrx_word' id='word_1_274' title='bbox 1200 3728 1311 3789; x_wconf 87' lang='lat' dir='ltr'><strong>propter</strong></span> <span class='ocrx_word' id='word_1_275' title='bbox 1335 3719 1403 3772; x_wconf 83' lang='lat' dir='ltr'><strong>diem</strong></span> <span class='ocrx_word' id='word_1_276' title='bbox 1423 3720 1527 3773; x_wconf 85' lang='lat' dir='ltr'><strong>iamdu-</strong></span> 
     </span>
     <span class='ocr_line' id='line_1_32' title="bbox 431 3790 1526 3862; baseline -0.003 -17"><span class='ocrx_word' id='word_1_277' title='bbox 431 3794 490 3845; x_wconf 84' lang='lat' dir='ltr'><strong>dum</strong></span> <span class='ocrx_word' id='word_1_278' title='bbox 510 3794 680 3847; x_wconf 86' lang='lat' dir='ltr'><strong>constitutam</strong></span> <span class='ocrx_word' id='word_1_279' title='bbox 700 3796 869 3848; x_wconf 76' lang='lat' dir='ltr'><strong>insidiaturus</strong></span> <span class='ocrx_word' id='word_1_280' title='bbox 887 3795 924 3846; x_wconf 90' lang='lat' dir='ltr'><strong>ibi</strong></span> <span class='ocrx_word' id='word_1_281' title='bbox 944 3796 1060 3860; x_wconf 83' lang='lat' dir='ltr'><strong>adesset,</strong></span> <span class='ocrx_word' id='word_1_282' title='bbox 1080 3808 1113 3845; x_wconf 92' lang='lat' dir='ltr'><strong>an</strong></span> <span class='ocrx_word' id='word_1_283' title='bbox 1133 3807 1206 3859; x_wconf 85' lang='lat' dir='ltr'><strong>catu,</strong></span> <span class='ocrx_word' id='word_1_284' title='bbox 1225 3800 1253 3845; x_wconf 93' lang='lat' dir='ltr'><strong>nt</strong></span> <span class='ocrx_word' id='word_1_285' title='bbox 1272 3793 1479 3862; x_wconf 63' lang='lat' dir='ltr'><strong>pleraeque‘res</strong></span> <span class='ocrx_word' id='word_1_286' title='bbox 1498 3790 1526 3842; x_wconf 92' lang='lat' dir='ltr'><strong>in</strong></span> 
     </span>
     <span class='ocr_line' id='line_1_33' title="bbox 430 3863 1526 3935; baseline -0.002 -20"><span class='ocrx_word' id='word_1_287' title='bbox 430 3872 500 3916; x_wconf 84' lang='lat' dir='ltr'><strong>terra</strong></span> <span class='ocrx_word' id='word_1_288' title='bbox 521 3873 614 3932; x_wconf 70' lang='lat' dir='ltr'><strong>gestae</strong></span> <span class='ocrx_word' id='word_1_289' title='bbox 633 3867 692 3919; x_wconf 89' lang='lat' dir='ltr'><strong>lleri</strong></span> <span class='ocrx_word' id='word_1_290' title='bbox 709 3867 807 3920; x_wconf 88' lang='lat' dir='ltr'><strong>solent.</strong></span> <span class='ocrx_word' id='word_1_291' title='bbox 835 3866 880 3935; x_wconf 87' lang='lat' dir='ltr'><strong>qui</strong></span> <span class='ocrx_word' id='word_1_292' title='bbox 902 3882 960 3919; x_wconf 90' lang='lat' dir='ltr'><strong>com</strong></span> <span class='ocrx_word' id='word_1_293' title='bbox 974 3868 1062 3933; x_wconf 88' lang='lat' dir='ltr'><strong>prisca</strong></span> <span class='ocrx_word' id='word_1_294' title='bbox 1080 3866 1260 3932; x_wconf 82' lang='lat' dir='ltr'><strong>imprudenter</strong></span> <span class='ocrx_word' id='word_1_295' title='bbox 1279 3873 1305 3918; x_wconf 88' lang='lat' dir='ltr'><strong>et</strong></span> <span class='ocrx_word' id='word_1_296' title='bbox 1319 3879 1387 3934; x_wconf 85' lang='lat' dir='ltr'><strong>quae</strong></span> <span class='ocrx_word' id='word_1_297' title='bbox 1406 3863 1526 3915; x_wconf 85' lang='lat' dir='ltr'><strong>oblivio.</strong></span> 
     </span>
     <span class='ocr_line' id='line_1_34' title="bbox 429 3935 1526 4009; baseline 0.003 -23"><span class='ocrx_word' id='word_1_298' title='bbox 429 3937 470 3987; x_wconf 83' lang='lat' dir='ltr'><strong>nls</strong></span> <span class='ocrx_word' id='word_1_299' title='bbox 490 3935 638 4003; x_wconf 79' lang='lat' dir='ltr'><strong>profundae</strong></span> <span class='ocrx_word' id='word_1_300' title='bbox 668 3937 819 3991; x_wconf 83' lang='lat' dir='ltr'><strong>lluminibns</strong></span> <span class='ocrx_word' id='word_1_301' title='bbox 845 3938 955 4006; x_wconf 84' lang='lat' dir='ltr'><strong>abrepta</strong></span> <span class='ocrx_word' id='word_1_302' title='bbox 977 3946 1086 4003; x_wconf 76' lang='lat' dir='ltr'><strong>essent,</strong></span> <span class='ocrx_word' id='word_1_303' title='bbox 1110 3935 1185 3988; x_wconf 91' lang='lat' dir='ltr'><strong>nullo</strong></span> <span class='ocrx_word' id='word_1_304' title='bbox 1214 3938 1292 3991; x_wconf 84' lang='lat' dir='ltr'><strong>modo</strong></span> <span class='ocrx_word' id='word_1_305' title='bbox 1310 3935 1474 4009; x_wconf 80' lang='lat' dir='ltr'><strong>pertinentia</strong></span> <span class='ocrx_word' id='word_1_306' title='bbox 1494 3936 1526 3989; x_wconf 83' lang='lat' dir='ltr'><strong>ud</strong></span> 
     </span>
     <span class='ocr_line' id='line_1_35' title="bbox 430 4007 1525 4079; baseline 0.001 -21"><span class='ocrx_word' id='word_1_307' title='bbox 430 4022 577 4072; x_wconf 76' lang='lat' dir='ltr'><strong>omrem,</strong></span> <span class='ocrx_word' id='word_1_308' title='bbox 603 4009 636 4060; x_wconf 81' lang='lat' dir='ltr'><strong>tle</strong></span> <span class='ocrx_word' id='word_1_309' title='bbox 662 4025 714 4078; x_wconf 85' lang='lat' dir='ltr'><strong>qna</strong></span> <span class='ocrx_word' id='word_1_310' title='bbox 745 4018 799 4061; x_wconf 92' lang='lat' dir='ltr'><strong>tum</strong></span> <span class='ocrx_word' id='word_1_311' title='bbox 820 4010 962 4079; x_wconf 80' lang='lat' dir='ltr'><strong>agebatur,</strong></span> <span class='ocrx_word' id='word_1_312' title='bbox 991 4008 1146 4076; x_wconf 85' lang='lat' dir='ltr'><strong>protulisset</strong></span> <span class='ocrx_word' id='word_1_313' title='bbox 1174 4016 1201 4060; x_wconf 83' lang='lat' dir='ltr'><strong>et</strong></span> <span class='ocrx_word' id='word_1_314' title='bbox 1225 4007 1356 4079; x_wconf 75' lang='lat' dir='ltr'><strong>gloriatus</strong></span> <span class='ocrx_word' id='word_1_315' title='bbox 1379 4014 1460 4071; x_wconf 88' lang='lat' dir='ltr'><strong>esset,</strong></span> <span class='ocrx_word' id='word_1_316' title='bbox 1480 4008 1525 4075; x_wconf 86' lang='lat' dir='ltr'><strong>qui</strong></span> 
     </span>
     <span class='ocr_line' id='line_1_36' title="bbox 430 4078 1526 4149; baseline -0.002 -20"><span class='ocrx_word' id='word_1_317' title='bbox 430 4085 487 4131; x_wconf 87' lang='lat' dir='ltr'><strong>crat</strong></span> <span class='ocrx_word' id='word_1_318' title='bbox 505 4080 563 4132; x_wconf 88' lang='lat' dir='ltr'><strong>eius</strong></span> <span class='ocrx_word' id='word_1_319' title='bbox 581 4094 648 4144; x_wconf 86' lang='lat' dir='ltr'><strong>mos,</strong></span> <span class='ocrx_word' id='word_1_320' title='bbox 668 4081 745 4133; x_wconf 83' lang='lat' dir='ltr'><strong>etad</strong></span> <span class='ocrx_word' id='word_1_321' title='bbox 763 4080 868 4133; x_wconf 86' lang='lat' dir='ltr'><strong>laudem</strong></span> <span class='ocrx_word' id='word_1_322' title='bbox 895 4097 969 4134; x_wconf 86' lang='lat' dir='ltr'><strong>snam</strong></span> <span class='ocrx_word' id='word_1_323' title='bbox 986 4080 1068 4133; x_wconf 88' lang='lat' dir='ltr'><strong>multa</strong></span> <span class='ocrx_word' id='word_1_324' title='bbox 1097 4082 1130 4133; x_wconf 76' lang='lat' dir='ltr'><strong>ala</strong></span> <span class='ocrx_word' id='word_1_325' title='bbox 1150 4094 1180 4131; x_wconf 86' lang='lat' dir='ltr'><strong>se</strong></span> <span class='ocrx_word' id='word_1_326' title='bbox 1206 4080 1352 4149; x_wconf 80' lang='lat' dir='ltr'><strong>gloriosius</strong></span> <span class='ocrx_word' id='word_1_327' title='bbox 1370 4078 1526 4145; x_wconf 82' lang='lat' dir='ltr'><strong>praedicas.</strong></span> 
     </span>
     <span class='ocr_line' id='line_1_37' title="bbox 429 4148 1526 4220; baseline -0.004 -19"><span class='ocrx_word' id='word_1_328' title='bbox 429 4158 480 4214; x_wconf 83' lang='lat' dir='ltr'><strong>set,</strong></span> <span class='ocrx_word' id='word_1_329' title='bbox 499 4158 527 4201; x_wconf 86' lang='lat' dir='ltr'><strong>ct</strong></span> <span class='ocrx_word' id='word_1_330' title='bbox 546 4153 779 4203; x_wconf 86' lang='lat' dir='ltr'><strong>commorationem</strong></span> <span class='ocrx_word' id='word_1_331' title='bbox 798 4156 826 4204; x_wconf 90' lang='lat' dir='ltr'><strong>ln</strong></span> <span class='ocrx_word' id='word_1_332' title='bbox 851 4161 1004 4205; x_wconf 73' lang='lat' dir='ltr'><strong>monastero</strong></span> <span class='ocrx_word' id='word_1_333' title='bbox 1030 4152 1124 4205; x_wconf 86' lang='lat' dir='ltr'><strong>iactam</strong></span> <span class='ocrx_word' id='word_1_334' title='bbox 1149 4160 1175 4202; x_wconf 90' lang='lat' dir='ltr'><strong>et</strong></span> <span class='ocrx_word' id='word_1_335' title='bbox 1196 4151 1360 4220; x_wconf 89' lang='lat' dir='ltr'><strong>colloquium</strong></span> <span class='ocrx_word' id='word_1_336' title='bbox 1381 4164 1439 4200; x_wconf 90' lang='lat' dir='ltr'><strong>cum</strong></span> <span class='ocrx_word' id='word_1_337' title='bbox 1458 4148 1526 4201; x_wconf 83' lang='lat' dir='ltr'><strong>Bar.</strong></span> 
     </span>
     <span class='ocr_line' id='line_1_38' title="bbox 430 4219 1526 4292; baseline -0.003 -20"><span class='ocrx_word' id='word_1_338' title='bbox 430 4219 516 4273; x_wconf 88' lang='lat' dir='ltr'><strong>lanmo</strong></span> <span class='ocrx_word' id='word_1_339' title='bbox 536 4222 685 4275; x_wconf 89' lang='lat' dir='ltr'><strong>instltntum</strong></span> <span class='ocrx_word' id='word_1_340' title='bbox 707 4231 734 4274; x_wconf 87' lang='lat' dir='ltr'><strong>et</strong></span> <span class='ocrx_word' id='word_1_341' title='bbox 751 4223 815 4276; x_wconf 83' lang='lat' dir='ltr'><strong>talia</strong></span> <span class='ocrx_word' id='word_1_342' title='bbox 836 4224 912 4289; x_wconf 85' lang='lat' dir='ltr'><strong>iere,</strong></span> <span class='ocrx_word' id='word_1_343' title='bbox 937 4232 1077 4292; x_wconf 85' lang='lat' dir='ltr'><strong>postquam</strong></span> <span class='ocrx_word' id='word_1_344' title='bbox 1096 4238 1174 4276; x_wconf 88' lang='lat' dir='ltr'><strong>aures</strong></span> <span class='ocrx_word' id='word_1_345' title='bbox 1195 4236 1305 4286; x_wconf 88' lang='lat' dir='ltr'><strong>eorum,</strong></span> <span class='ocrx_word' id='word_1_346' title='bbox 1335 4222 1453 4289; x_wconf 89' lang='lat' dir='ltr'><strong>quitum</strong></span> <span class='ocrx_word' id='word_1_347' title='bbox 1476 4220 1526 4274; x_wconf 81' lang='lat' dir='ltr'><strong>ati.</strong></span> 
     </span>
     <span class='ocr_line' id='line_1_39' title="bbox 431 4292 1526 4363; baseline -0.004 -20"><span class='ocrx_word' id='word_1_348' title='bbox 431 4300 515 4357; x_wconf 85' lang='lat' dir='ltr'><strong>erant,</strong></span> <span class='ocrx_word' id='word_1_349' title='bbox 536 4292 660 4359; x_wconf 86' lang='lat' dir='ltr'><strong>implevit</strong></span> <span class='ocrx_word' id='word_1_350' title='bbox 679 4302 705 4345; x_wconf 88' lang='lat' dir='ltr'><strong>et</strong></span> <span class='ocrx_word' id='word_1_351' title='bbox 723 4301 846 4363; x_wconf 84' lang='lat' dir='ltr'><strong>tanquam</strong></span> <span class='ocrx_word' id='word_1_352' title='bbox 859 4296 1007 4347; x_wconf 79' lang='lat' dir='ltr'><strong>iamdudum</strong></span> <span class='ocrx_word' id='word_1_353' title='bbox 1020 4296 1198 4363; x_wconf 77' lang='lat' dir='ltr'><strong>excogitatum</strong></span> <span class='ocrx_word' id='word_1_354' title='bbox 1218 4302 1244 4343; x_wconf 88' lang='lat' dir='ltr'><strong>et</strong></span> <span class='ocrx_word' id='word_1_355' title='bbox 1258 4292 1413 4345; x_wconf 85' lang='lat' dir='ltr'><strong>insidiosum</strong></span> <span class='ocrx_word' id='word_1_356' title='bbox 1430 4297 1526 4343; x_wconf 84' lang='lat' dir='ltr'><strong>osten.</strong></span> 
     </span>
     <span class='ocr_line' id='line_1_40' title="bbox 431 4363 1528 4437; baseline -0.004 -22"><span class='ocrx_word' id='word_1_357' title='bbox 431 4363 470 4415; x_wconf 81' lang='lat' dir='ltr'><strong>ulit</strong></span> <span class='ocrx_word' id='word_1_358' title='bbox 486 4363 628 4415; x_wconf 87' lang='lat' dir='ltr'><strong>consilium</strong></span> <span class='ocrx_word' id='word_1_359' title='bbox 647 4365 777 4417; x_wconf 85' lang='lat' dir='ltr'><strong>adventus</strong></span> <span class='ocrx_word' id='word_1_360' title='bbox 796 4368 837 4419; x_wconf 90' lang='lat' dir='ltr'><strong>sni</strong></span> <span class='ocrx_word' id='word_1_361' title='bbox 855 4368 975 4437; x_wconf 79' lang='lat' dir='ltr'><strong>gloriosa</strong></span> <span class='ocrx_word' id='word_1_362' title='bbox 992 4368 1104 4434; x_wconf 83' lang='lat' dir='ltr'><strong>quadam</strong></span> <span class='ocrx_word' id='word_1_363' title='bbox 1123 4365 1285 4417; x_wconf 78' lang='lat' dir='ltr'><strong>iactationar</strong></span> <span class='ocrx_word' id='word_1_364' title='bbox 1305 4363 1443 4415; x_wconf 87' lang='lat' dir='ltr'><strong>conticuit.</strong></span> <span class='ocrx_word' id='word_1_365' title='bbox 1484 4371 1528 4414; x_wconf 86' lang='lat' dir='ltr'><strong>at.</strong></span> 
     </span>
     <span class='ocr_line' id='line_1_41' title="bbox 435 4437 1528 4505; baseline 0.002 -20"><span class='ocrx_word' id='word_1_366' title='bbox 435 4450 487 4503; x_wconf 87' lang='lat' dir='ltr'><strong>qua</strong></span> <span class='ocrx_word' id='word_1_367' title='bbox 506 4442 537 4487; x_wconf 93' lang='lat' dir='ltr'><strong>nt</strong></span> <span class='ocrx_word' id='word_1_368' title='bbox 555 4450 624 4502; x_wconf 84' lang='lat' dir='ltr'><strong>quae</strong></span> <span class='ocrx_word' id='word_1_369' title='bbox 643 4437 801 4504; x_wconf 77' lang='lat' dir='ltr'><strong>interposite</strong></span> <span class='ocrx_word' id='word_1_370' title='bbox 827 4448 888 4491; x_wconf 86' lang='lat' dir='ltr'><strong>suat</strong></span> <span class='ocrx_word' id='word_1_371' title='bbox 916 4440 1033 4489; x_wconf 90' lang='lat' dir='ltr'><strong>omittam</strong></span> <span class='ocrx_word' id='word_1_372' title='bbox 1060 4447 1086 4489; x_wconf 90' lang='lat' dir='ltr'><strong>et</strong></span> <span class='ocrx_word' id='word_1_373' title='bbox 1105 4450 1280 4505; x_wconf 83' lang='lat' dir='ltr'><strong>quaecunque</strong></span> <span class='ocrx_word' id='word_1_374' title='bbox 1304 4442 1381 4486; x_wconf 87' lang='lat' dir='ltr'><strong>antea</strong></span> <span class='ocrx_word' id='word_1_375' title='bbox 1398 4448 1528 4487; x_wconf 81' lang='lat' dir='ltr'><strong>neccssa-</strong></span> 
     </span>
     <span class='ocr_line' id='line_1_42' title="bbox 435 4504 1527 4577; baseline 0.004 -22"><span class='ocrx_word' id='word_1_376' title='bbox 435 4506 482 4557; x_wconf 87' lang='lat' dir='ltr'><strong>rils</strong></span> <span class='ocrx_word' id='word_1_377' title='bbox 494 4504 619 4570; x_wconf 78' lang='lat' dir='ltr'><strong>-oltstant,</strong></span> <span class='ocrx_word' id='word_1_378' title='bbox 639 4507 670 4560; x_wconf 75' lang='lat' dir='ltr'><strong>erl</strong></span> <span class='ocrx_word' id='word_1_379' title='bbox 690 4507 757 4561; x_wconf 83' lang='lat' dir='ltr'><strong>hacc</strong></span> <span class='ocrx_word' id='word_1_380' title='bbox 777 4511 960 4577; x_wconf 80' lang='lat' dir='ltr'><strong>inexspectata</strong></span> <span class='ocrx_word' id='word_1_381' title='bbox 989 4516 1015 4558; x_wconf 89' lang='lat' dir='ltr'><strong>et</strong></span> <span class='ocrx_word' id='word_1_382' title='bbox 1034 4504 1225 4573; x_wconf 79' lang='lat' dir='ltr'><strong>extemporalia</strong></span> <span class='ocrx_word' id='word_1_383' title='bbox 1249 4506 1428 4575; x_wconf 77' lang='lat' dir='ltr'><strong>prooemiatur</strong></span> <span class='ocrx_word' id='word_1_384' title='bbox 1447 4518 1527 4575; x_wconf 75' lang='lat' dir='ltr'><strong>prac-</strong></span> 
     </span>
    </p>
   </div>
   <div class='ocr_carea' id='block_1_5' title="bbox 0 0 2007 5392">
    <p class='ocr_par' dir='ltr' id='par_1_8' title="bbox 0 0 2007 5392">
     <span class='ocr_line' id='line_1_43' title="bbox 0 0 2007 5392; baseline 0 0"><span class='ocrx_word' id='word_1_385' title='bbox 0 0 2007 5392; x_wconf 95' lang='lat' dir='ltr'><strong> </strong></span> 
     </span>
    </p>
   </div>
  </div>
 </body>
</html>
