4000 5392
506 599 727 665 aaronita
751 597 1010 662 armarium*
1036 598 1144 659 xxix.
1171 577 1361 661 rso-59.
1430 586 1501 659 265

407 762 553 847 Παλαμρῑ
570 761 764 843 ιιρσσίιιειτσ,
778 764 833 824 καί
843 762 1053 841 α’ντὲαραττεν
1067 760 1108 835 ule
1128 758 1166 825 τδ
1190 759 1289 823 τισλλίι
1314 760 1351 848 πή
1370 762 1428 824 τσῦ
1444 782 1505 822 ou·

408 862 501 945 ζδγσσ
525 859 634 947 γνωμῃ
647 858 726 944 ιιρδς
756 855 817 926 δ’σα
832 866 870 947 τῇ
882 865 1034 948 θρησκείᾳ
1048 862 1213 926 συντείνει.
1238 854 1308 944 ιἰρτι
1324 885 1358 943 γε
1370 856 1434 943 μήν
1446 859 1503 942 τήν

406 964 566 1045 βασίλειαν
582 958 683 1044 αδλήν
704 964 835 1027 εἰσιόντι
851 982 908 1041 μοι
927 963 983 1025 ναί
991 966 1157 1043 Παλαμιῑν
1169 964 1237 1025 ἐκεῖ
1249 960 1328 1045 πρὸς
1352 963 1505 1037 διαλέξεις

407 1061 541 1150 ἔφεδρον
565 1055 647 1126 εἶναι
674 1066 793 1141 μαθεῖν
813 1066 975 1146 ἐξεγένετο.
1022 1056 1107 1127 οὕτω
1132 1065 1159 1124 δ’
1188 1062 1294 1145 ἔχοντί
1310 1085 1366 1145 μαι
1385 1066 1448 1128 τῶν
1471 1064 1506 1127 εἰι

383 1166 548 1250 διεφαλής
569 1160 754 1245 α’λγηδόνων
776 1160 838 1245 ἔτι,
860 1169 916 1228 καί
936 1158 1036 1238 οὕτως
1055 1165 1300 1247 ἀπροσδοκήτως
1322 1166 1534 1249 ε’μνιενιηδη-ῐ.
1550 1169 1598 1224 131
1610 1181 1638 1223 τ.
1657 1176 1658 1179 ’

408 1263 495 1340 κὸτας
516 1284 572 1341 μοι
592 1265 651 1327 ταῦ
671 1258 803 1346 ἀγῶνος,
827 1266 1032 1348 πρῶτονμὲν
1054 1261 1139 1340 ἔδοξε
1153 1267 1279 1344 βέλτιον
1301 1260 1407 1329 σίιιαδε
1429 1267 1507 1337 τίως

408 1366 569 1429 inuestem
590 1386 647 1448 με,
673 1363 773 1447 μικρδ
798 1369 859 1429 τῶν
884 1366 1158 1448 μεμηχανημένων
1184 1361 1405 1447 προσκλήσεων
1426 1365 1509 1427 εἰιεί-

409 1487 470 1529 νων
492 1467 724 1547 φρσντίσαντι·
765 1466 817 1529 ίνα
840 1468 868 1529 δ’
891 1455 946 1529 οὖν
967 1463 1012 1548 μή
1044 1466 1165 1537 δειλίας
1186 1460 1339 1526 δαὸνσιαν
1356 1472 1421 1537 τοῖς
1448 1487 1507 1546 φι-

409 1562 611 1644 λοσκωμμεσι
635 1567 750 1644 δῶμεν,
773 1564 999 1649 διιερραίσαμίν
1026 1588 1058 1630 τε
1078 1556 1175 1638 αδθις
1195 1562 1249 1628 τόν
1282 1564 1431 1647 λογισμὸν
1454 1566 1507 1627 κατ’

369 1685 401 1739 10
410 1664 605 1748 ἀνελάβομεν
626 1662 774 1747 suasorie,
792 1672 857 1756 θεῷ
878 1667 912 1732 τὸ
932 1671 993 1730 noia
1018 1670 1250 1750 ἐπιτρέψαντες.
1465 1726 1489 1759 „⁸

514 1770 583 1830 Kal
604 1762 706 1844 οὕτως
727 1771 771 1843 εἰς
793 1766 893 1832 adada
914 1764 1031 1856 είσήειν
1051 1771 1187 1849 βασιλέα
1211 1770 1250 1855 τῇ
1271 1789 1303 1831 τε
1330 1769 1392 1833 τῶν
1414 1760 1574 1851 adra-aa

410 1871 470 1934 νεῖν
482 1864 621 1933 συνόντα
636 1871 796 1956 τιαροσσίρ
814 1867 868 1932 κατ’
890 1866 959 1948 ἅμα
975 1870 1030 1952 τῆς
1045 1870 1209 1948 βασιλίδας
1225 1868 1359 1953 Ἑλένης,
1382 1871 1425 1955 τῷ
1450 1869 1509 1933 τοῦ

409 1965 590 2051 συμβάντος
613 1968 731 2058 σχεδίῳ
762 1968 1059 2056 παρηκολουθηκώς.
1112 1967 1150 2032 τά
1172 1993 1205 2050 ys
1228 1966 1294 2052 μήν
1324 1972 1393 2035 ε’κεί
1410 1975 1508 2053 λαλη-

410 2073 524 2155 θέντα,
547 2069 651 2135 ὅιιὸσα
676 2074 732 2135 καί
754 2063 814 2151 οἶα,
838 2070 892 2134 καί
917 2065 1033 2145 διιωςδ
1055 2068 1166 2153 καιρός
1186 2071 1353 2152 ἐσχεδίασε
1377 2066 1414 2133 ταὶ
1439 2092 1509 2133 ται-

341 2230 345 2235 .
366 2174 501 2251 loaisa,
524 2170 660 2255 δηλώσει
681 2169 718 2235 τιλ
739 2174 864 2257 ε’φεξής.
886 2174 1060 2255 γέγραπται
1081 2170 1141 2251 μὲν
1159 2168 1218 2253 γάρ
1238 2194 1292 2252 μοι
1316 2174 1408 2235 ταυτί
1431 2176 1510 2234 λεα-

407 2278 517 2362 τατέρρ
537 2272 601 2337 τινί
620 2272 776 2357 διηγήσει,
798 2275 964 2338 ἐνδίδοται
988 2274 1018 2335 δ’
1039 2270 1081 2346 αἱς
1105 2276 1137 2348 ἐξ
1156 2268 1265 2353 ἓτὲρσσ
1287 2272 1348 2336 τιὸν
1362 2274 1429 2337 ἐκεῖ
1446 2296 1509 2334 nu-

409 2371 531 2458 ρόντων
552 2369 743 2459 ἱνός,ιιρὸς
773 2371 975 2458 ἐρωτήσαντα
996 2398 1067 2437 τινα
1098 2370 1396 2457 δήθενδιεξιὸντσς.
1440 2368 1507 2457 ἔχει
1609 2446 1610 2451 1

409 2476 445 2540 δδ
467 2470 611 2539 οὖτωσίν.
889 2493 891 2496 “

411 2767 481 2835 patri
500 2764 705 2830 cantoenneno,
723 2764 803 2818 valde
834 2766 874 2818 sic
900 2765 979 2817 etiarn
997 2762 1126 2825 Palamas,
1138 2762 1253 2816 instabat
1278 2770 1304 2816 et
1321 2762 1511 2818 adversabatur

412 2838 571 2907 plerumque
589 2838 713 2904 coniugis
738 2839 888 2889 sententiae
913 2838 941 2889 in
960 2835 1082 2888 omnibus
1108 2835 1203 2901 rebus,
1223 2836 1255 2887 ad
1280 2835 1441 2905 quasillum
1463 2852 1512 2891 sna

413 2910 495 2961 trahit
515 2909 623 2977 religio.
661 2924 746 2976 nuper
764 2917 852 2961 autem
876 2908 963 2960 aulam
982 2909 1084 2976 regiam
1113 2908 1234 2975 intranti,
1249 2907 1313 2959 mihi
1333 2909 1412 2960 etiam
1431 2908 1513 2962 Pala.

413 2994 484 3033 mam
503 2982 540 3033 ibi
559 2982 592 3033 ad
613 2981 806 3047 disputationes
826 2981 1001 3034 instituendas
1024 2980 1205 3031 considentem
1224 2979 1324 3033 licebat
1340 2981 1460 3047 videre.x
1473 2983 1513 3034 sic

417 3060 507 3104 autem
526 3052 591 3104 mihi
611 3053 700 3119 capite
718 3051 850 3105 laboranti
872 3053 951 3104 etiam
974 3059 1000 3103 et
1020 3065 1099 3120 quum
1119 3057 1170 3103 tam
1191 3052 1339 3117 inopinanti
1358 3052 1512 3118 impeditum

415 3140 459 3176 ma
478 3125 623 3176 certamino
645 3123 775 3189 viderem,
798 3124 909 3190 primum
929 3124 1035 3192 quidem
1062 3124 1148 3176 visum
1169 3131 1210 3175 est
1229 3125 1311 3177 satius
1331 3139 1390 3175 essa
1409 3124 1512 3177 domum

315 3260 319 3267 Ι
417 3204 469 3247 tana
488 3195 532 3246 diu
551 3195 650 3262 redire,
669 3195 755 3247 donec
773 3210 876 3247 mecum
894 3202 998 3262 paratas
1018 3194 1080 3248 illas
1099 3194 1163 3247 milri
1182 3192 1366 3249 accusationes
1387 3204 1512 3264 reputas.

417 3282 483 3318 sem.
521 3282 556 3317 ne
576 3267 800 3335 lgitaripnaviae
823 3268 1004 3333 suspicionem
1032 3266 1101 3333 apud
1127 3266 1248 3318 homines
1273 3266 1379 3318 dicaces
1405 3267 1512 3320 subire.

368 3380 381 3391 ,
415 3353 484 3402 mua,
504 3337 717 3391 confirmavimus
741 3354 832 3391 rursus
849 3339 1009 3391 sententiam
1038 3344 1155 3389 nostram
1179 3345 1205 3389 et
1222 3338 1374 3405 recepimus
1394 3338 1444 3389 deo
1464 3353 1512 3391 nos

419 3411 507 3460 omnia
526 3411 731 3463 committentes.

516 3507 605 3575 Atque
624 3508 661 3559 ita
680 3507 712 3559 ad
731 3508 816 3575 ipsum
837 3522 929 3576 regem
947 3504 1124 3570 accedebam,
1144 3520 1221 3573 quem
1250 3520 1308 3556 cum
1327 3503 1513 3572 praesentibus

416 3578 555 3631 nobilibus
575 3579 641 3630 viris
663 3586 691 3630 et
708 3578 786 3631 simul
807 3595 864 3629 cnm
880 3578 988 3645 ,Helena
1006 3578 1101 3644 regina
1120 3574 1284 3629 oliendeltam
1305 3576 1513 3641 colloquentem,

417 3659 527 3705 secutus
546 3650 698 3702 certaminis
720 3651 904 3702 temeritatem.
927 3658 954 3700 et
972 3663 1040 3715 quae
1060 3647 1096 3699 ibi
1109 3647 1240 3715 disputata
1259 3655 1320 3699 sunt
1336 3660 1412 3715 quam
1432 3646 1514 3697 multa

418 3728 445 3771 et
465 3720 556 3789 qualia
577 3729 604 3773 et
622 3723 753 3790 quomodo
773 3729 877 3789 tempus
895 3720 960 3772 talia
978 3718 1206 3785 suppeditaverit,
1230 3718 1374 3770 narrabunt
1394 3732 1425 3768 eu
1446 3732 1513 3785 qnae

416 3801 573 3861 sequuntur.
611 3794 787 3861 perscriptum
815 3801 855 3844 ast
884 3793 953 3844 enim
978 3806 993 3842 a
1014 3806 1055 3841 me
1082 3788 1133 3841 hoo
1163 3790 1226 3841 satis
1250 3791 1324 3841 tenni
1351 3790 1513 3840 narratione.

416 3864 540 3915 traditum
560 3873 601 3919 est
619 3874 706 3917 autem
727 3864 761 3915 ab
780 3863 864 3916 altaro
885 3878 938 3915 nno
955 3876 1047 3915 eorum
1067 3862 1112 3930 qui
1131 3860 1167 3911 ibi
1185 3860 1324 3913 adsuerant
1338 3859 1513 3927 interroganti

415 3936 517 3987 cuidam
538 3936 584 3988 diu
602 3937 628 3988 id
647 3952 678 3988 se
697 3935 828 3988 iacturum
848 3937 1030 4003 promittente.
1067 3949 1112 3986 res
1129 3947 1195 3985 vero
1216 3934 1255 3987 sio
1275 3929 1413 3984 sehabet.

833 4116 1099 4149 ....-·-......
