4000 5392
515 589 736 664 nrsromau
763 590 1022 660 amurcam
1039 589 1133 658 xxx.
1154 576 1398 662 ild-iii.
1457 577 1529 660 eit

437 758 475 842 δὴ
502 753 658 823 nordroni
681 760 829 836 Παλαμᾶ
856 759 1029 840 τηνικαῦτα
1063 755 1285 843 ἀπεφήναντο,
1309 751 1420 821 ἄλλων
1451 747 1531 820 όλλα

417 857 599 944 λεγόντων,
621 862 676 922 aui
695 851 800 922 ἄλλων
822 851 932 933 όλλοις
954 858 1192 937 ἁμιλλωμένων,
1215 857 1268 922 καὶ
1290 849 1396 922 ἄλλων
1418 849 1568 932 όλλοας

435 959 613 1044 παριόντων
635 964 678 1051 τῷ
698 965 761 1025 τσόν
792 962 959 1042 λοιδοριῶν
982 957 1223 1042 ὑπερβάλλοντι.
1281 951 1412 1044 ἦσανδ
1432 957 1628 1025 ολκαόΙΙΟ

437 1056 594 1147 προδότην
614 1057 714 1124 αδτόν
735 1059 909 1127 ἐπεκάλουν
941 1058 1042 1123 odron
1031 1060 1225 1139 βασιλέως
1251 1063 1306 1124 και“
1325 1055 1393 1124 ὅσοι
1409 1084 1453 1149 τῳ
1437 1063 1565 1139 ’θέα
1546 1033 1667 1088 '⁸¹⁵⁵'

411 1170 524 1237 5σιλεῖ
538 1163 750 1286 προσήκοντες
773 1183 834 1224 τιον
864 1163 948 1242 γένει
985 1183 1037 1223 και
1034 1157 1158 1247 δόξη·
1216 1163 1272 1223 νισι
1290 1158 1333 1234 ως
1353 1159 1439 1284 τόγε
1461 1152 1536 1244 ἧκον

437 1265 482 1339 εἷς
504 1263 602 1327 αότόν
626 1260 684 1325 oo'a
705 1260 878 1345 α’πέοχετο,
900 1286 958 1345 την
978 1258 1152 1344 ἧγημονδαν
1173 1264 1228 1348 τῆς
1254 1261 1379 1346 γιοόμης
1400 1257 1536 1344 δπὴκοον

437 1359 521 1442 όπαξ
542 1361 642 1445 ἔργων
662 1365 715 1426 καλ
736 1362 837 1445 λόγων
854 1361 936 1442 όμσό
957 1363 1103 1445 πονηρῶν
1124 1359 1306 1446 πεπραχσός,
1326 1363 1370 1445 μὴ
1392 1361 1433 1425 ον’
1454 1354 1536 1424 πόν-

436 1488 493 1539 τας
514 1463 694 1547 συλλήβδην
714 1465 810 1553 pitulo)
833 1463 960 1550 desdorp
993 1463 1115 1527 δοῦναι.
1160 1459 1199 1524 orl
1225 1465 1286 1546 γδρ
1310 1456 1359 1525 ότι
1380 1458 1422 1545 μη
1444 1463 1536 1547 σιδη-

438 1572 511 1648 ραῖς
531 1561 587 1627 κατ’
604 1559 700 1637 αότός
723 1561 803 1628 κατό
827 1563 902 1639 τοός
925 1562 1144 1646 α’νδρσφόνσας
1168 1562 1327 1646 ἐχρήσατο
1352 1557 1484 1646 λόγχαις
1502 1565 1536 1626 ἐκ

397 1671 497 1734 toroni
518 1666 720 1751 προφανοῦς,
744 1660 942 1747 δποβτβηκός
962 1687 992 1727 τι
1012 1663 1049 1728 τό
1068 1661 1169 1752 δέρος
1199 1660 1378 1751 όχεινδόξη
1400 1666 1463 1729 τοόν
1483 1667 1538 1747 έγ-

372 1780 377 1786 “
440 1761 629 1849 κλημάτων,
670 1763 738 1828 δλλ*
774 1757 819 1829 ότι
854 1769 965 1850 φιλιάν
994 1759 1261 1851 σχηματιζόμενος
1297 1758 1368 1830 όλον
1401 1765 1537 1846 δολερσῖς

440 1869 571 1932 έκένωστ
604 1873 670 1943 τοῖς
694 1866 814 1940 α’δόλως
849 1869 979 1950 φιλοῦσι
1009 1861 1065 1929 τόν
1087 1869 1142 1930 roal
1162 1869 1355 1951 δηλητηρίου
1382 1867 1537 1948 κρατῆρα,

441 1968 515 2048 πρὶν
536 1970 590 2051 τῆς
612 1968 780 2053 ἐπιβουλῆς
810 1969 985 2032 αἰσθέσθαι
1015 1962 1087 2042 τοός
1108 1967 1299 2050 πάσχοντας.
1352 1969 1407 2031 καί
1429 1962 1536 2045 οἱμὲν

441 2069 523 2151 γένει
546 2070 600 2131 καί
623 2066 699 2155 δόξη
720 2066 913 2150 προόχοντες
935 2062 1048 2151 ἄνδρες
1079 2071 1193 2133 ἐκεῖνον
1217 2063 1300 2133 οότω
1320 2071 1540 2152 προσηνέχθη-

399 2192 432 2247 15
441 2193 501 2236 σαν
522 2194 564 2257 σιρ
583 2192 690 2254 μιαριρ
713 2171 870 2256 Παλαμᾷ,
891 2192 943 2266 και
966 2167 1087 2243 ταότας
1116 2169 1222 2257 ἐκείνην
1244 2165 1302 2243 τός
1324 2173 1440 2251 κρέσιις
1457 2168 1538 2232 α’πέ-

439 2295 548 2336 τισαν·
590 2263 606 2331 ό
630 2271 665 2333 δι
676 2265 830 2348 βασιλευς
854 2294 905 2333 και
928 2269 1112 2357 αδτόςσιγῇ
1127 2271 1188 2332 ιιόν
1209 2269 1286 2333 κατὰ
1311 2271 1370 2332 τοῦ
1392 2271 1633 2347 Παλαμαιιθ

442 2371 594 2438 τοιοότων
615 2372 782 2452 λοιδορισόν
805 2370 957 2453 αδτήκσσς
978 2393 1122 2452 γεγανως,
1144 2392 1196 2432 και
1193 2370 1388 2451 βουληθεδς
1402 2372 1460 2449 μέν
1473 2391 1538 2444 πως

441 2498 501 2556 την
519 2475 574 2555 τῆς
596 2470 783 2554 ἐκδικήσεως
813 2475 1063 2553 προστεταχέναι
1090 2468 1216 2534 κόλασιν
1238 2476 1303 2534 κατ’
1327 2473 1442 2552 aureo,
1464 2493 1540 2554 φει-

445 2570 580 2653 σόμενος
609 2575 636 2636 δ’
667 2562 725 2636 οδν
757 2571 810 2635 διό
833 2569 892 2656 τὴν
921 2567 1065 2654 ἔμφυτον
1093 2574 1282 2651 έτιιαέκτιαν,
1307 2573 1385 2645 τέως
1406 2574 1465 2651 μέν
1483 2567 1540 2651 τόν

399 2673 508 2739 coeno·
531 2669 671 2758 γλοόττης
707 2675 762 2737 κατ’
786 2678 848 2738 τῶν
870 2671 971 2757 ἔργων
999 2668 1172 2756 ὑπερέθετο
1204 2674 1337 2757 ψῆφον,
1359 2668 1487 2751 διέμενε
1510 2673 1539 2738 δ’

443 2769 501 2840 οδν
522 2771 608 2854 δμως
629 2774 892 2855 όβριοτιαδοόντα
915 2771 999 2858 όρσόν
1021 2775 1078 2839 καί
1096 2773 1274 2857 α’χθόμτνον
1290 2763 1465 2868 Παλιαμιῖν,
1486 2777 1542 2838 κατ’

446 2869 518 2941 οότι
542 2874 614 2952 τοός
636 2877 861 2957 λοιδοροῦντας
883 2876 1035 2940 σ’νέκοπττ
1056 2877 1109 2960 τῆς
1125 2873 1236 2960 όρμῆς,
1256 2873 1310 2940 κατ’
1324 2870 1391 2954 ipa
1410 2871 1446 2938 τό
1464 2884 1541 2958 χαί·
1592 2923 1611 2968 ·.

444 2999 502 3061 ρον
521 2976 679 3063 δπέφαιντ
711 2977 766 3059 τῆς
796 2971 913 3041 ἑαυτοῦ
936 2980 1046 3060 ψυχῆς
1069 2975 1225 3062 δμσδρσῑς
1253 2978 1320 3044 τισί
1338 2977 1540 3060 μιιδιιὶμασι,

445 3082 501 3144 κατ’
522 3073 746 3163 διεκαρτέρησε
766 3078 864 3159 μέχρι
887 3076 1105 3155 πολλοιῖτινός
1124 3079 1243 3165 χρόνον
1260 3078 1418 3144 διακοδων
1441 3077 1540 3162 ἡδέως

449 3372 518 3442 apud
536 3386 629 3440 regem
647 3369 856 3436 adolescentem,
877 3388 947 3441 quae
966 3381 1059 3425 contra
1080 3371 1211 3426 i’alamam
1232 3381 1285 3426 tum
1305 3373 1456 3440 aperirent:
1481 3388 1541 3425 cum

447 3444 495 3497 alii
514 3443 567 3496 aiis
586 3443 707 3495 dicerent
725 3450 753 3494 et
768 3442 816 3495 aiii
835 3442 897 3496 aliia
915 3444 1112 3496 aemularentur
1132 3452 1158 3496 et
1177 3443 1224 3496 alii
1241 3444 1312 3496 allos
1332 3444 1463 3496 conviciis
1483 3460 1541 3495 ma.
1611 3487 1614 3492 .

447 3515 549 3568 loribus
566 3522 734 3582 superarent.
772 3522 847 3566 erant
867 3522 970 3579 autem,
990 3517 1035 3583 qui
1055 3531 1114 3566 eum
1137 3517 1214 3567 etiam
1233 3516 1395 3582 proditorem
1414 3514 1538 3582 appella.

450 3593 510 3638 rent
534 3594 561 3637 et
585 3585 658 3654 regia
685 3585 769 3652 ipsius
798 3593 825 3636 et
849 3588 979 3649 omnium,
1007 3587 1052 3654 qui
1076 3587 1133 3653 regi
1158 3586 1253 3638 alinea
1278 3593 1368 3638 essent
1395 3601 1495 3655 genere
1516 3593 1542 3638 et

448 3656 552 3726 gloria:
574 3664 601 3709 et
618 3658 694 3725 quasi
713 3655 764 3707 hoc
783 3657 814 3707 ad
836 3672 865 3709 se
884 3657 1033 3723 pertineret
1056 3671 1110 3706 uon
1130 3658 1268 3722 abstinuit,
1287 3673 1345 3708 cum
1365 3658 1541 3724 principatum

448 3728 599 3782 sententiae
618 3727 702 3780 semei
720 3727 881 3780 subiecisset
899 3728 977 3779 iactis
1006 3733 1033 3778 ct
1051 3728 1216 3780 sermonibus
1235 3737 1340 3796 pruris,
1361 3730 1424 3796 quin
1449 3742 1541 3780 omnes

451 3800 479 3851 in
497 3799 651 3852 universnm
668 3797 806 3850 violentae
824 3800 902 3852 morti
930 3796 1022 3850 daret:
1047 3813 1137 3866 oeque
1157 3800 1225 3851 enim
1244 3801 1312 3868 quod
1331 3799 1428 3868 gladiis
1447 3799 1542 3851 ferreis

450 3871 553 3937 etipse
576 3870 732 3922 sicariorum
751 3871 829 3922 modo
858 3878 951 3938 aperto
980 3885 1034 3922 non
1058 3884 1121 3921 usus
1147 3879 1238 3936 esset,
1262 3872 1400 3924 videretur
1417 3885 1541 3922 summam

449 3941 659 3993 criminationum
680 3942 838 4008 gravitatem
857 3942 928 4009 palia
949 3941 996 3993 sed
1016 3941 1085 4009 quod
1099 3943 1239 3994 amicitiam
1260 3942 1386 3994 simulans
1407 3943 1465 3994 sine
1485 3940 1541 3992 uilo

448 4011 511 4064 dolo
532 4027 590 4063 eum
613 4013 761 4065 amantibus
788 4019 871 4064 totum
896 4012 991 4065 dolone
1019 4012 1155 4066 effudisset
1179 4015 1278 4066 veneni
1304 4022 1432 4065 craterem
1451 4013 1542 4080 prius.

449 4096 526 4152 quam
546 4083 591 4151 qui
611 4096 644 4135 eo
662 4084 835 4136 allicerentur
855 4084 965 4136 insidias
983 4084 1248 4138 animadvertissent:
1266 4091 1346 4152 atque
1365 4083 1406 4136 iiii
1426 4084 1542 4152 quidem,

449 4155 494 4222 qui
513 4168 615 4221 genere
634 4162 660 4205 et
679 4154 766 4222 gioria
784 4163 965 4221 praestarent,
994 4156 1032 4206 ita
1051 4156 1151 4208 invecti
1170 4163 1231 4208 sunt
1254 4158 1281 4207 in
1301 4154 1431 4206 i’alamnm
1451 4153 1543 4206 seele-

449 4232 527 4288 stum,
547 4233 575 4276 et
593 4223 635 4275 his
649 4223 759 4290 judiciis
778 4241 838 4276 eum
857 4226 907 4278 ulti
927 4233 997 4278 sunt.
1035 4241 1082 4278 rex
1110 4235 1197 4278 autem
1227 4225 1271 4296 qul
1302 4233 1329 4277 et
1356 4227 1414 4292 ipso
1433 4224 1542 4277 silentio

449 4296 576 4348 convicia
598 4294 662 4346 talia
681 4303 773 4347 contra
797 4296 927 4348 i’aiamam
947 4298 1017 4349 dicta
1035 4298 1183 4350 audivisset
1203 4307 1229 4350 et
1241 4304 1332 4348 contra
1346 4311 1404 4348 eum
1426 4297 1543 4363 castiga-
1554 4353 1565 4377 ι

448 4367 547 4418 λίσσεαι
569 4379 675 4433 poenae
695 4368 825 4433 imperare
845 4368 988 4432 voluisset,
1005 4375 1092 4420 lamen
1113 4378 1223 4436 propter
1240 4371 1354 4421 innatam
1376 4367 1544 4420 clementiam

454 4451 566 4504 parcere
587 4436 612 4487 ei
633 4436 729 4500 voluit,
749 4446 776 4490 et
797 4439 923 4490 iudicium
943 4447 1053 4506 propter
1064 4453 1200 4491 sermones
1220 4447 1247 4491 et
1265 4440 1334 4491 iacta
1353 4439 1428 4491 iilius
1446 4438 1544 4490 editum

453 4506 617 4574 prolatavit:
638 4515 718 4576 atquo
737 4507 786 4561 iac
808 4510 835 4560 iu
854 4511 987 4563 sententia
1007 4512 1160 4578 permansit,
1179 4525 1333 4580 quamquam
1352 4525 1433 4579 aegre
1452 4509 1544 4568 fereu-
