4000 5392
564 579 786 653 nissonmn
813 581 1072 657 ammittis
1091 585 1182 653 xxx.
1202 566 1389 654 λιι-47.
1440 669 1442 678 ¹
1469 561 1539 655 ‘eoi
1640 647 1642 652 ,

446 743 593 824 donico<
615 739 697 833 αὕτη
717 752 772 814 καὶ
785 744 939 836 διάφορος
959 749 1111 835 δνέρχεια.
1155 751 1210 814 καί
1230 741 1298 831 άμα
1321 747 1402 824 δυάς
1421 742 1439 835 ἢ
1462 747 1544 816 πάν-

446 874 510 913 των
529 850 616 933 άρχὴ
637 873 689 916 ποι
710 853 847 933 γίνεται,
874 851 909 915 τά
946 847 1174 931 δνοπιάεαιον,
1196 845 1312 934 ἑαυτῆς
1342 853 1543 936 διαφέρουσα

448 953 503 1015 καί
521 945 747 1038 οἰδάωςὲουεῇ
766 958 944 1038 μαχομένη.
977 952 1047 1015 ἀλλ’
1072 949 1088 1015 δ
1111 955 1197 1026 θεῖος
1218 947 1368 1031 Μάξιμος
1385 949 1446 1016 “ori
1465 968 1611 1022 oss-w

448 1055 644 1134 θεωρεῖσθαι
670 1042 693 1136 ἢ
722 1055 1033 1135 ουνεπιθεωρεδοδαι
1056 1047 1197 1116 δύνατοί
1214 1049 1263 1116 ει”
1292 1053 1375 1135 φησί
1394 1049 1459 1140 “cpi
1480 1053 1545 1140 θεῷ

421 1152 517 1214 5καε’
542 1150 656 1217 odoror
677 1147 833 1234 διάφορον
854 1155 887 1230 ἐξ
909 1151 1034 1238 άιδιόυ,
1058 1151 1115 1215 oris
1139 1150 1235 1232 αἰών,
1258 1149 1298 1214 ori
1322 1147 1446 1235 χρόνος,
1470 1153 1546 1218 addi

447 1275 477 1314 τι
498 1254 561 1315 τεάν
584 1250 709 1325 τούτοις
731 1251 1002 1333 δνδιαιεωμὲνωυ·
1048 1249 1085 1313 οὖ
1107 1247 1168 1335 γάρ
1192 1247 1423 1331 συμβαίνουσιν
1444 1252 1545 1334 α’λλὴ-

448 1356 514 1427 λοις
534 1350 659 1414 ποάποεε
680 1346 715 1414 τά
740 1352 856 1434 κυρίως
874 1345 956 1415 εἶναι
978 1353 1034 1415 καί
1047 1351 1086 1414 ου’
1099 1349 1250 1436 κυρι’ως”.
1271 1349 1326 1414 καὶ
1346 1344 1544 1418 πάλινάπει.

449 1476 505 1536 ρον
526 1446 608 1517 εἶναι
637 1449 745 1515 δυάδα
778 1452 930 1531 ου’δαμοάς
953 1452 1136 1535 ἐνδέχεται·
1183 1447 1218 1515 αἱ
1248 1451 1309 1535 γάρ
1345 1455 1413 1515 κατ’
1446 1451 1545 1538 αυίἤν

327 1609 337 1616 .
448 1549 583 1635 μονάδες
605 1550 757 1635 άλλὴλοις
787 1553 865 1616 κατά
896 1555 1077 1638 παράθεσιν
1106 1548 1374 1636 συνυπάρχουσοι
1405 1553 1545 1638 α’λλὴλας

405 1653 619 1736 ιοὸριῖουοιν,
671 1652 701 1715 εἰ
731 1653 767 1716 dd
787 1655 898 1734 εοιῖιο,
930 1653 1001 1717 ου’δ’
1023 1647 1182 1739 ἄναρχον·
1233 1649 1317 1738 α’ρχὴ
1348 1650 1410 1739 γάρ
1443 1653 1546 1740 πάσης

309 1745 318 1752 ’
448 1753 566 1829 δυάδος
587 1752 695 1836 μονάς.
749 1755 780 1818 εἰ
801 1755 837 1817 δὲ
857 1753 901 1838 μὴ
925 1746 1085 1838 ἄναρχον,
1117 1753 1188 1818 ου’δ’
1211 1754 1370 1838 α’νιίνχεον·
1413 1764 1546 1821 κινεῖται

447 1853 508 1939 γάρ
533 1857 578 1940 τῷ
597 1854 728 1940 άριθμῷ
740 1856 775 1918 δν
792 1851 941 1936 μονάδων
954 1859 1030 1919 καθ’
1047 1856 1171 1936 ἕνωσιν,
1183 1852 1216 1919 τά
1236 1857 1271 1919 dd
1282 1853 1466 1937 κινούμενον
1489 1856 1547 1919 ου’κ

450 1953 534 2039 α’ρχὴ
558 1948 681 2034 ἄλλ’ἑξ
706 1953 828 2040 ἀρχῆς,
849 1953 970 2040 δηλοδὴ
996 1957 1055 2018 rod
1075 1959 1245 2032 κινοῦντος.
1285 1955 1387 2038 μονάς
1410 1959 1445 2022 dd
1465 1955 1547 2040 μάνη

448 2058 564 2139 κυρίως
594 2055 748 2138 ἀκίνητος.
791 2057 1029 2137 πεπερασμέναι
1049 2078 1098 2118 υοι
1126 2049 1191 2140 ἄρα
1220 2057 1277 2121 καί
1302 2055 1355 2120 ὑπ’
1383 2055 1485 2141 ἀρχὴν
1513 2054 1547 2120 αἱ

403 2152 622 2239 ιῡθεάεηεες,
650 2149 823 2238 ἄνθρωπε·
864 2155 919 2219 καί
941 2154 972 2217 εἰ
991 2157 1097 2241 τοῦτο,
1126 2155 1319 2239 διαστήμασι
1350 2163 1488 2231 τοπικοῖς
1511 2179 1546 2221 τε

449 2257 505 2318 καί
524 2262 681 2339 χρονικοῖς
704 2253 961 2322 δεδουλεάκασιν.
994 2256 1161 2338 κείσμαοιν
1183 2245 1246 2340 άρα
1269 2256 1430 2338 λατρεύων
1451 2255 1547 2333 οδεάς

451 2352 625 2439 ἐλελήθεις.
679 2351 728 2419 ἔτι
757 2355 788 2420 εἷ
806 2352 885 2420 κατά
919 2359 955 2421 οὲ
976 2353 1084 2439 ἕτερον
1116 2356 1212 2421 ουύιό
1233 2356 1288 2420 καί
1305 2357 1412 2442 ἕτερον
1432 2354 1507 2432 θεὸς
1530 2351 1611 2423 o‘ss

451 2451 507 2539 τήν
528 2457 640 2520 οοόίαν
664 2451 748 2538 ἔχων
767 2453 822 2520 καὶ
842 2457 995 2543 διάφορος
1015 2461 1073 2539 τῆς
1094 2457 1211 2532 οἰκείας
1233 2456 1355 2537 ουόιός,
1376 2453 1460 2523 ἔστιν
1483 2451 1547 2542 ἄρα

451 2554 526 2632 θεάς
548 2554 697 2632 άνοάοιος
719 2555 775 2621 καῖ
795 2556 892 2622 ουόιἀ
914 2559 994 2622 θεοῦ
1016 2551 1120 2632 ἄθεος.
1164 2558 1246 2644 φησί
1266 2557 1325 2642 γάρ
1349 2557 1404 2622 καὶ
1424 2557 1546 2625 δΝυο.

409 2662 556 2740 woodo»
578 2659 609 2722 Γ
607 2653 755 2743 ρηχάριος
771 2657 824 2724 “al
845 2659 879 2724 τά
903 2657 1027 2743 ἀγαθάν
1051 2651 1096 2740 άν,
1120 2657 1153 2723 sd
1177 2657 1312 2744 πονηράν
1340 2658 1398 2723 oris
1421 2650 1475 2724 ὅν·
1519 2661 1551 2724 εἰ

454 2758 489 2822 δὲ
510 2752 547 2821 τά
565 2754 700 2844 πονηράν
720 2747 772 2842 ὅν,
793 2759 830 2824 τά
854 2756 979 2854 ἀγαθάν,
1001 2759 1058 2824 ουίι
1083 2748 1130 2842 ὅν,
1149 2754 1229 2824 κατά
1262 2747 1398 2826 riarde
1421 2760 1548 2842 άμέοων

456 3073 568 3128 condam
583 3079 621 3140 te,
640 3074 774 3128 essentiae
793 3081 834 3129 εει
855 3089 950 3144 expers
965 3073 1035 3146 qnod
1051 3074 1173 3142 habetur,
1192 3089 1224 3128 so
1236 3075 1259 3129 si
1279 3073 1396 3129 essentis
1415 3081 1455 3129 εει
1472 3071 1547 3140 detis,

455 3146 480 3198 id
499 3148 581 3215 igitur
599 3148 670 3214 qnod
698 3147 814 3199 essentia
839 3155 913 3200 caret
938 3163 992 3199 non
1022 3156 1063 3199 εει
1080 3149 1165 3212 δειεε,
1191 3148 1337 3200 efficientia
1364 3147 1502 3212 nimirum,
1523 3154 1549 3198 et

455 3219 595 3269 coniuncta
615 3227 656 3270 est
673 3218 726 3268 iam
748 3233 853 3285 semper
876 3227 903 3270 ct
923 3234 956 3270 ex
976 3221 1046 3270 omni
1065 3220 1223 3271 aeternitate
1242 3218 1350 3271 divinae
1370 3226 1396 3269 ει
1414 3215 1550 3270 increatae*

454 3289 587 3340 essentiae
606 3288 674 3340 haec
694 3290 811 3340 essentia
829 3305 922 3341 carens
942 3298 969 3341 ει
993 3290 1101 3341 diversa
1121 3289 1276 3354 efficientia,
1294 3287 1426 3356 simulque
1445 3289 1549 3356 princi-

453 3360 526 3425 pium
544 3359 660 3411 omnium
679 3359 727 3410 tibi
747 3361 836 3413 evadit
854 3361 918 3427 dyas
939 3362 1105 3427 ineptissime
1124 3374 1139 3411 a
1157 3375 1187 3412 se
1213 3360 1271 3426 ipsa
1289 3359 1414 3411 differens
1430 3367 1458 3410 ει
1476 3373 1548 3411 sem-

454 3446 502 3497 por
519 3429 609 3482 secusia
628 3446 759 3499 pugnans.
796 3433 843 3484 sed
862 3433 989 3485 dioximus
1011 3431 1132 3495 divinus,
1154 3445 1208 3482 non
1236 3437 1335 3496 potest,
1353 3429 1449 3498 inquit,
1470 3429 1549 3496 cogi-

454 3503 533 3553 tando
554 3502 610 3554 dari
635 3511 682 3554 sat
705 3501 813 3553 attribui
839 3504 980 3571 quidquam
1000 3502 1070 3566 dco,
1091 3501 1160 3568 qnod
1185 3501 1220 3552 ait
1238 3500 1271 3551 ab
1291 3501 1348 3552 cios
1368 3499 1485 3552 essentia
1505 3499 1547 3551 di-

454 3588 570 3637 versum,
590 3589 624 3624 ex
643 3574 714 3625 omni
733 3575 892 3625 aeternitate
905 3588 958 3624 non
975 3587 1081 3636 aevum,
1099 3586 1153 3623 non
1173 3579 1287 3637 tempus,
1301 3586 1390 3638 nsque
1404 3571 1545 3639 quidquam

455 3658 632 3713 eorumquae
651 3645 679 3695 in
699 3644 741 3695 his
769 3653 925 3708 versantnr3
944 3659 1033 3712 neque
1059 3643 1127 3693 enim
1153 3642 1384 3695 accommodantur
1404 3641 1454 3693 sibi
1473 3642 1549 3694 iovi.

454 3731 511 3769 com
532 3731 648 3784 nnqnarn
672 3717 698 3767 id
716 3715 924 3784 quod-'proprie
948 3713 1050 3783 aliquid
1078 3721 1118 3765 est
1144 3722 1171 3766 ει
1190 3713 1260 3781 quod
1282 3727 1336 3764 non
1364 3713 1483 3781 proprie.
1521 3720 1548 3766 ει

455 3801 544 3838 rursus
563 3787 665 3838 infinita
687 3801 746 3838 esse
766 3785 830 3853 dyas
855 3785 932 3838 nollo
952 3787 1029 3838 modo
1050 3792 1151 3852 potest;
1180 3784 1307 3836 monades
1327 3785 1442 3836 enimin
1462 3799 1494 3836 ea
1514 3799 1549 3836 cx

343 3907 351 3918 ,
455 3859 654 3925 comparatione
684 3861 849 3923 compositae
876 3872 906 3909 so
931 3857 1050 3908 invicem
1077 3856 1224 3908 definiente
1248 3855 1290 3908 sin
1317 3864 1405 3908 antem
1424 3855 1476 3908 hoc
1496 3863 1546 3921 est,

454 3942 506 3979 non
525 3937 566 3980 est
582 3929 630 3980 itta
649 3929 773 3995 principii
793 3945 908 3997 expers;
935 3929 1093 3996 principium
1119 3928 1189 3979 enim
1216 3927 1308 3994 dyadis
1327 3930 1412 3980 omnis
1431 3935 1472 3979 est
1489 3941 1549 3979 mo.

454 4015 511 4051 nas.
533 4001 627 4068 quodsi
646 3999 695 4052 iila
713 4014 767 4051 non
787 4009 829 4054 est
843 4001 968 4068 principii
988 4015 1094 4067 expers,
1115 3999 1205 4050 eadem
1225 4014 1280 4051 non
1300 4008 1341 4052 cst
1358 4001 1473 4051 immota.
1488 4012 1549 4050 mo-

454 4079 533 4123 vetur
553 4071 623 4123 eninr
641 4086 752 4122 numero
766 4089 800 4124 ex
810 4072 965 4124 monadibus
985 4073 1019 4122 ad
1037 4071 1274 4134 consociationem,
1292 4071 1364 4139 quod
1382 4077 1469 4122 autern
1488 4083 1548 4120 mo.

456 4150 534 4194 seton
553 4152 662 4195 nonest
677 4145 847 4211 principium,
865 4144 912 4196 sad
925 4151 1049 4195 movetur
1064 4158 1097 4193 ex
1113 4141 1245 4208 principio
1275 4143 1397 4194 nimirum
1414 4147 1548 4192 movente.

456 4227 546 4264 monas
577 4221 665 4264 antem
692 4214 751 4266 sois
778 4216 886 4282 propris
906 4222 947 4266 est
976 4215 1093 4264 immota.
1130 4212 1268 4263 subiectae
1301 4214 1382 4280 igitur
1406 4210 1455 4262 tibi
1479 4215 1549 4273 εοοι,

456 4285 559 4348 amice,
588 4286 667 4336 etiam
688 4285 737 4336 sub
758 4287 917 4355 principium
938 4285 1111 4349 divinitates,
1144 4283 1238 4350 quodsi
1266 4282 1317 4334 hoc
1335 4289 1391 4345 est,
1419 4279 1549 4333 mensoris

456 4354 577 4407 locorum
600 4363 627 4406 ct
646 4362 793 4423 temporum
812 4358 972 4421 inserviunt,
992 4364 1081 4408 creata
1107 4356 1189 4422 igitur
1214 4352 1281 4404 colia
1300 4353 1460 4420 imprudens.
1497 4351 1550 4402 iam

456 4441 522 4477 vero
545 4427 569 4478 si
589 4441 622 4478 ex
640 4435 685 4478 tua
704 4428 837 4480 sententia
856 4428 927 4481 aliod
949 4435 990 4479 cst
1009 4427 1141 4490 essentia,
1161 4424 1234 4476 aliud
1258 4426 1322 4476 deos
1341 4423 1387 4492 qni
1408 4423 1549 4474 essentiam

458 4496 540 4562 habet
557 4505 585 4553 ot
602 4497 726 4554 diversus
745 4508 786 4554 εει
802 4514 819 4553 ε
836 4515 884 4577 soa
898 4500 983 4570 ipsios
993 4499 1131 4566 'essentie
1153 4497 1287 4567 accipitur
1305 4495 1370 4552 deus
1388 4493 1549 4549 inessentia-
