4000 5392
517 566 591 652 too
790 561 1081 654 '‘memuoar
1110 581 1342 652 camonia

514 736 564 811 ύιύ
583 734 692 830 κύριον
712 738 823 830 uiroc,
846 745 942 830 θεόν,
964 749 1097 829 δίκαιον,
1119 744 1266 831 ἰσχυρόν,
1288 740 1508 828 μανρύθομον,
1536 741 1620 827 aliq·-

513 844 624 928 θινύν,
661 846 834 933 έλεήμονα,
859 849 913 916 καί
933 848 972 912 τύ
996 845 1221 932 παραπλήσια,
1242 842 1460 929 σολοσονύμινς
1480 833 1500 928 ή
1524 845 1559 910 τύ
1582 869 1620 928 γε

514 945 739 1031 ύιιριβέσιερον
758 948 858 1014 εἰπεῖν
877 945 1092 1033 ἑτιρωνύμοις,
1109 946 1379 1031 ιιατονομύζομεν.
1430 944 1471 1012 τύ
1496 948 1532 1010 δὲ
1553 969 1620 1010 ros·

514 1050 595 1110 σύτο
632 1044 775 1128 ι’νύμαεα
806 1051 898 1114 θέσει
929 1045 1054 1125 πύνεοος
1083 1051 1146 1114 εέσιΙ
1178 1051 1233 1113 sci
1253 1041 1292 1111 ού
1315 1043 1425 1133 φύσει,
1461 1045 1503 1123 ὥς
1524 1045 1620 1130 ἡμεῖς

448 1147 775 1229 ῧῡιιρούεέειγαμεν.
818 1151 873 1212 ιιαί
899 1146 916 1213 ὅ
946 1152 1046 1232 μέγας
1074 1149 1200 1235 α’λλαχή
1224 1151 1321 1235 φήσιν
1339 1140 1534 1222 Ἀθανύσιος
1566 1142 1645 1212 «ins

393 1245 619 1310 croacasim·
643 1246 720 1313 θεὸν
746 1243 827 1315 εἶναι
851 1250 999 1332 δεύτερόν
1026 1253 1094 1315 ἐστι
1129 1251 1182 1332 ιής
1201 1249 1342 1335 φύσεως.
1399 1246 1454 1311 καὶ
1478 1242 1493 1310 ὅ
1517 1248 1620 1330 μέγας

514 1347 547 1410 έν
577 1352 724 1436 θεολογέφ
759 1352 787 1414 Γ
786 1347 933 1434 ρήγύριος
962 1344 1011 1414 ὅτι
1043 1348 1082 1412 ού
1115 1344 1212 1434 φύσις
1231 1351 1298 1436 θειή
1327 1342 1346 1430 ή
1377 1343 1534 1432 ύπλύτιγς·
1579 1345 1615 1413 τύ

512 1451 571 1528 μέν
592 1447 653 1530 yolo
675 1449 731 1531 τήν
750 1447 904 1534 θεαιινήν
922 1452 1024 1516 αύτοῦ
1044 1452 1216 1535 παρίστησι
1233 1449 1384 1531 δύναμιν,
1406 1447 1440 1513 ro'
1457 1450 1491 1513 δὲ
1510 1445 1546 1512 τύ
1568 1447 1616 1531 μή

512 1542 591 1612 εἶναι
611 1545 772 1615 σύνθετον.
815 1553 871 1616 καὶ
891 1547 1000 1626 istoc
1021 1549 1120 1616 εἰπεῖν
1141 1552 1234 1616 osilia
1253 1553 1317 1615 ruis
1337 1545 1501 1631 ύιομύτοον
1524 1549 1615 1613 ioris

513 1643 533 1710 t
553 1646 598 1731 μή
621 1647 770 1732 δεύιερύν
785 1651 853 1715 Sors
874 1653 930 1734 εής
950 1652 1041 1728 θείας
1056 1648 1193 1736 φύσεως.
1235 1653 1526 1748 περιγεγραμμένος
1547 1645 1611 1732 γάρ
1625 1659 1660 1716 lli

449 1758 455 1766 '
512 1771 559 1824 τις
579 1742 653 1830 ύρος
674 1751 786 1825 ούσίας
809 1754 865 1814 καλ
885 1748 1014 1836 φύσεως
1034 1755 1152 1833 γίνεται
1173 1743 1326 1833 τοῦνομα,
1350 1746 1415 1832 ἧδ’
1435 1749 1615 1833 ύπερέγρα-

514 1871 590 1923 πεος
612 1847 715 1934 laetiq
738 1851 837 1935 φύσις
856 1861 1070 1938 περιγραφαῖς
1105 1850 1266 1933 ὀνομάτων
1293 1846 1457 1918 ύοιιλεύειν
1491 1847 1530 1912 ού
1549 1847 1613 1912 δύ-

446 1964 618 2017 Ιυναεαι.
660 1949 716 2012 ναὶ
735 1953 769 2014 έν
789 1946 886 2040 ὲιέριρ
906 1949 974 2016 ‹i'o‘
1007 1955 1094 2028 θεῖος
1124 1951 1304 2019 Νοσσαέοιν
1329 1952 1359 2014 Γ
1358 1947 1506 2034 ριγγόριος
1536 1949 1614 2030 περὶ

512 2054 574 2116 sois
608 2049 713 2116 αύεῶν
743 2048 909 2133 ὄνομύτοον
938 2045 1020 2117 ούεοο
1058 2058 1166 2138 φήσιν.
1212 2050 1266 2116 “si
1293 2053 1512 2134 προϋφέστηκε
1546 2049 1612 2112 τοῖν

512 2150 678 2235 ύνεργειοῖν
698 2148 717 2234 ή
741 2151 850 2232 asinio,
871 2153 1006 2234 νοοῦμεν
1028 2151 1063 2216 δὲ
1096 2175 1150 2228 rag
1170 2152 1332 2234 ἐνεργείας
1356 2151 1397 2212 δι’
1418 2136 1463 2212 οἷν
1487 2147 1611 2214 αιόθα-
1623 2169 1657 2222 15

512 2251 646 2333 νύμεθα,
666 2247 790 2335 ῥήμασι
812 2254 848 2318 ot
870 2243 956 2328 ὅπως
973 2244 1015 2318 ύν
1034 2244 1058 2340 d
1080 2252 1219 2318 δυνατὸν
1235 2253 1470 2333 ἐξαγγέλλομεν,
1491 2250 1540 2324 τίς
1561 2243 1611 2314 ἔτι

487 2393 492 2408 1
511 2356 735 2419 καταλείπεται
756 2345 857 2439 φόβος
879 2350 1017 2435 redargu
1036 2357 1098 2420 τῶν
1118 2352 1313 2436 πραγμάτων
1335 2348 1375 2414 τύ
1396 2343 1535 2430 ύνύματα
1556 2350 1612 2414 λε’-

510 2476 596 2537 γειν;
616 2454 648 2519 εέ
662 2453 723 2537 γύρ
742 2452 789 2538 μή
814 2454 967 2538 πρότερον
989 2447 1202 2539 ἓρμηνεύομέν
1223 2478 1254 2518 τι
1276 2455 1340 2517 τῶν
1360 2450 1434 2534 περὶ
1453 2454 1532 2516 θεοῦ
1554 2456 1612 2514 λε-

510 2538 659 2638 γομένοιν·
672 2558 747 2638 πρὶν
769 2550 811 2620 ris
831 2554 1003 2641 νοήσαιμεν,
1026 2558 1148 2635 νοοῖμεν
1179 2555 1214 2618 ot
1235 2555 1276 2616 δι’
1300 2545 1345 2616 οὖν
1378 2555 1413 2617 έν
1434 2553 1497 2615 τοῖν
1518 2552 1609 2635 ένερ.

510 2656 604 2737 ystris
626 2653 864 2739 διδασκόμεθα,
893 2659 1114 2742 προϋφέστηκε
1136 2656 1171 2718 cll
1203 2656 1259 2737 εής
1283 2651 1441 2735 ε’νεργειάς
1464 2647 1482 2734 ή
1506 2649 1655 2722 ‹laiso-20

511 2779 576 2836 μις,
602 2754 622 2838 ή
654 2757 689 2819 st
719 2751 855 2838 δύναμις
885 2755 1052 2842 έξήρτηται
1078 2757 1135 2820 τού
1165 2759 1256 2820 θειόο
1291 2750 1491 2837 θελήματος,
1514 2752 1549 2815 τὸ
1573 2755 1610 2818 oi

509 2854 656 2942 βούλημα
678 2857 713 2921 έν
738 2861 776 2942 τῇ
797 2861 926 2945 έξοεισέφ
954 2861 1009 2942 τῆς
1030 2861 1123 2934 θείας
1142 2854 1308 2920 α’πύκειται
1329 2852 1474 2941 φύσεως,
1494 2843 1545 2938 ἆρ’
1570 2849 1610 2917 ού

513 3142 578 3196 rino
597 3139 798 3211 cogitationem.
835 3143 1006 3212 quamobrem
1026 3143 1159 3196 dominnm
1180 3157 1258 3206 eum,
1278 3140 1365 3206 eleum,
1384 3140 1607 3210 iustum,'poten.

511 3220 575 3278 tem,
594 3212 771 3280 clementem,
790 3230 894 3279 serum,
913 3207 1130 3280 misericordem,¹
1142 3213 1259 3283 talisque
1278 3213 1379 3278 multis,
1398 3207 1467 3277 sive,
1488 3211 1514 3264 id
1536 3213 1607 3281 quoti

512 3285 662 3336 accurstins
695 3286 806 3352 dicitur,
841 3287 904 3339 sliis
933 3289 1084 3340 nominibus
1112 3301 1248 3340 vocamus.
1291 3283 1355 3338 talla
1386 3293 1473 3336 sutem
1500 3286 1607 3336 nornine

512 3357 619 3408 omnino
639 3359 832 3424 compositione
850 3375 939 3427 nequo
957 3367 1129 3412 seronatum
1149 3364 1209 3410 sunt
1228 3357 1313 3408 iacta:
1332 3355 1401 3424 quod
1422 3369 1502 3422 supra
1521 3370 1536 3405 a
1554 3370 1607 3406 no.

510 3427 552 3480 bia
572 3428 777 3481 domonstrstum
797 3439 846 3483 est.
884 3439 911 3484 ot
927 3429 993 3484 aiibi
1013 3430 1173 3484 Athanasius
1199 3443 1309 3494 magnus
1330 3429 1377 3490 ait,
1397 3420 1428 3481 ιὸ
1449 3427 1526 3477 deum
1546 3441 1606 3478 esse

510 3500 655 3552 secundum
677 3509 718 3552 cst
735 3515 752 3552 s
768 3510 872 3555 natura.
911 3511 938 3555 et
955 3517 1066 3571 magnus
1094 3502 1121 3554 in
1141 3501 1220 3552 rebus
1239 3499 1338 3552 divinis
1358 3497 1518 3566 quaerendis
1537 3497 1606 3550 Gre-

510 3571 623 3639 goriuss
648 3572 806 3638 simplicitas
834 3574 884 3626 deo
902 3588 957 3628 non
977 3583 1019 3626 cst
1039 3582 1152 3637 natum
1178 3571 1290 3623 alterum
1319 3571 1389 3622 enim
1416 3569 1443 3620 in
1463 3583 1496 3620 eo
1515 3569 1608 3620 statuit

510 3642 564 3693 rim
584 3640 703 3706 silencii,
722 3643 807 3696 altera
826 3660 881 3697 non
901 3661 960 3698 csse
988 3649 1098 3715 (unum)
1119 3643 1302 3710 compositum.
1348 3649 1429 3709 alque
1448 3653 1501 3692 uno
1522 3638 1605 3692 serbo

509 3710 612 3764 nullum
632 3729 729 3766 nomen
748 3718 878 3784 estquod
897 3731 952 3769 non
971 3716 1115 3769 seeundum
1144 3716 1179 3765 sit
1196 3730 1212 3765 a
1230 3721 1323 3765 natura
1341 3711 1440 3764 divina.
1489 3711 1606 3762 circam.

509 3784 624 3848 scriptus
644 3787 712 3838 anim
740 3786 931 3854 quodammodo
951 3789 1011 3840 linis
1037 3787 1217 3838 assentisset
1241 3792 1351 3836 naturae
1369 3789 1409 3834 est
1427 3796 1539 3835 nomen:
1559 3781 1607 3834 ills

509 3863 598 3907 autom
616 3872 670 3909 non
683 3852 886 3927 circumscripta
903 3867 997 3912 natura
1016 3856 1307 3924 circumscriptionibus
1319 3855 1454 3906 nominum
1473 3854 1607 3905 inservire

511 3939 565 3976 non
588 3936 686 3993 potest.
714 3928 813 3980 etalio
833 3930 896 3981 loco
926 3931 1032 3982 divinus
1056 3928 1200 3997 Gregorius
1225 3927 1359 3994 llyssseus
1388 3925 1421 3976 dc
1440 3923 1534 3976 iisdem
1553 3925 1631 3975 no.'

451 4059 467 4074 ⁸
511 3996 626 4051 minibus
644 3998 711 4051 lraec
730 3999 804 4051 elicit.
841 4001 864 4052 si
889 4001 962 4067 prior
980 4000 1134 4052 efficientiis
1156 4006 1212 4050 erat
1231 3999 1358 4066 essentia,
1379 3995 1537 4048 ellicientiss
1556 4010 1607 4045 au.

511 4073 564 4118 εισι
585 4084 630 4121 sss
648 4069 835 4138 intelligimus,
855 4086 920 4138 quas
939 4072 1182 4134 animadvertimus,
1201 4067 1249 4121 has
1268 4076 1365 4133 autem,
1384 4075 1514 4136 quatenus
1532 4064 1607 4131 lieet,

514 4140 605 4192 verbis
625 4141 807 4206 enunciamus,
829 4143 875 4210 qui
896 4145 947 4194 ism
967 4141 1127 4210 relinquitur
1146 4143 1235 4206 timor,
1253 4155 1300 4192 cur
1318 4154 1372 4191 non
1391 4138 1540 4206 posteriora
1559 4153 1607 4188 re-

511 4208 561 4262 bus
587 4214 696 4264 nomina
718 4211 858 4265 silcamus?
906 4213 1003 4264 etenim
1028 4215 1052 4265 si
1080 4227 1133 4264 non
1165 4220 1243 4265 autes
1277 4211 1438 4278 explicamus
1465 4209 1607 4275 quidquam

513 4295 615 4347 eornm,
635 4297 704 4351 quse
722 4284 755 4336 sia
774 4283 824 4336 deo
844 4284 976 4348 dicuntur,
1001 4299 1077 4352 quam
1097 4282 1289 4350 intelligamus,
1310 4297 1343 4332 ex
1363 4283 1396 4332 iis
1415 4287 1502 4331 nutem
1521 4278 1607 4330 intel.

510 4348 630 4420 ligimus,
651 4369 721 4423 quae
739 4370 774 4406 ex
792 4355 946 4408 efficientiis
972 4357 1174 4424 cognoscimus,
1205 4353 1349 4406 eiicienlia
1368 4359 1455 4403 autern
1473 4349 1546 4417 prior
1565 4356 1608 4401 est

508 4423 560 4488 vis,
581 4426 624 4477 vis
643 4436 732 4479 autern
750 4427 851 4493 pendet
869 4441 903 4478 cx
921 4426 1061 4480 voluntate
1080 4427 1185 4490 divina,
1214 4424 1339 4478 voluntas
1361 4432 1447 4476 autem
1468 4423 1494 4473 in
1514 4418 1604 4472 iacui.

380 4511 387 4526 ¹
507 4498 562 4552 tato
579 4496 688 4554 sivisse
708 4500 798 4570 posits
824 4506 866 4553 cst
882 4505 1004 4568 naturas,
1023 4513 1113 4556 noane
1134 4505 1227 4570 aperto
1247 4495 1449 4570 cognoscimus,
1468 4491 1598 4548 accedero
