4000 5392
544 589 776 660 nrsroaran
804 586 1062 658 τιτιλιιτιιιλιι
1091 591 1188 654 xxv.
1208 571 1277 656 at.
1304 569 1373 653 38.
1418 563 1421 566 ’
1482 578 1529 653 65

426 755 593 837 παροῦσαν
612 753 777 819 ὑπόθεσιν
812 753 866 818 διὰ
887 755 933 818 σε’.
984 755 1040 818 καί
1070 754 1241 839 φοβεῖσθαι
1269 754 1330 831 μὲν
1353 746 1408 812 διά
1430 748 1531 814 satiro

428 855 484 918 καί
505 849 614 919 στάσιν
637 851 828 938 δημοτικήν,
847 851 901 920 σοί
917 857 978 936 μὲν
992 853 1119 938 οιίδαμῇ
1134 849 1365 935 προσήκουσαν,
1388 848 1429 911 ου’
1447 850 1531 929 μάλ-

428 948 485 1018 λόν
506 978 541 1040 γε
564 947 679 1036 ἢτοός
711 956 858 1032 λιθίνους
877 977 910 1018 τε
935 952 992 1018 ναί
1018 954 1157 1036 χαλκοῦς
1187 950 1376 1034 ἀνδριάντας
1406 946 1531 1012 οἴκοθεν

428 1059 614 1139 κεκινῆσθαι
649 1053 731 1139 πρός
759 1051 843 1119 όπλο
872 1057 927 1120 καί
955 1052 1064 1136 μάχας
1101 1055 1184 1138 φαίη
1205 1071 1254 1125 τις
1285 1042 1343 1136 άρ,
1371 1051 1465 1135 σφίσι
1495 1048 1531 1111 δὲ

402 1152 516 1236 5μάλα
540 1154 705 1238 δήπουθεν
729 1153 956 1240 προσήκουσαν
978 1157 1165 1240 φοβεῖσθαι.
1222 1143 1269 1224 σίς
1288 1148 1349 1233 γάρ
1372 1146 1450 1234 ἔργα
1473 1159 1596 1212 ιτα-ΙΙ

428 1260 500 1330 τιιίτς
520 1251 625 1321 ἔπεισι
648 1257 752 1339 δρᾶν,
784 1253 906 1330 τοότοις
934 1253 1048 1340 δήμιος
1078 1257 1197 1337 γίνεται
1232 1249 1288 1315 καί
1315 1248 1531 1334 άπαραίτνρτος

429 1351 586 1438 κολαστάς
608 1353 624 1418 o‘
658 1359 714 1420 τοῦ
734 1354 913 1431 συνειδότος
938 1358 1070 1430 πίλενυς
1081 1401 1093 1431 ,
1115 1349 1249 1436 ε’γγόθτν
1269 1346 1368 1425 ἓσταός
1388 1349 1444 1414 καί
1461 1374 1529 1430 μα-

429 1457 546 1534 στιζαν
579 1454 684 1538 συχνά
716 1453 773 1539 τόν
801 1452 913 1539 ψυχὴν
940 1459 995 1519 ναί
1024 1453 1144 1541 φόβους
1175 1447 1316 1529 ἅπαντας
1344 1453 1386 1536 τῷ
1407 1474 1533 1536 φαντα-

428 1559 523 1645 crespi
545 1560 719 1641 προτιθείς,
741 1556 783 1631 ὥς
808 1554 1001 1622 ὑποπτεύειν
1021 1559 1075 1620 ναί
1095 1552 1135 1619 τά
1158 1553 1327 1619 α’νόπσπτα
1346 1555 1401 1616 καί
1415 1541 1452 1614 oi
1474 1551 1532 1614 ου’νι

389 1666 421 1720 10
431 1649 467 1740 ἦν
489 1659 592 1742 φόβος
625 1657 741 1737 οτῖδείς,’
764 1655 849 1722 καθά
880 1654 957 1731 τοός
993 1654 1141 1741 ἐρημίαις
1170 1678 1203 1718 τε
1233 1656 1289 1718 καί
1321 1650 1478 1739 φάραγξιν
1497 1653 1531 1716 όν

430 1757 567 1844 άφεγγεῖ
582 1780 615 1822 τε
637 1759 693 1822 ναί
710 1758 828 1847 βαθείρ
848 1759 940 1822 νυκτί
957 1760 1181 1838 πλανωμένους
1201 1751 1336 1838 πάσχειν
1352 1752 1532 1834 συμβαίνει·

428 1855 525 1938 βάτον
546 1853 687 1940 γάρναί
707 1861 823 1941 πέτρον
846 1856 901 1922 ναί
927 1853 1048 1942 φόλλον
1072 1857 1177 1940 δρυός
1194 1844 1279 1942 αόρφ
1302 1858 1400 1940 λεπτῇ
1422 1851 1532 1918 ιιινοό-

426 1979 521 2036 μενον
551 1960 677 2043 λῃστῶν
705 1957 761 2022 ναί
788 1961 910 2042 θηρίων
931 1957 1068 2044 ἐφόδους
1087 1959 1247 2040 ’ἡγοῦνται
1270 1955 1326 2020 ναί
1352 1957 1529 2040 φρίττουσι,

428 2059 549 2132 δειλίας
572 2054 697 2143 άπάσης
721 2059 828 2132 ου’τοῖς
850 2060 1098 2142 πτρινεχυμδνης
1126 2053 1348 2138 ἁπανταχόθεν
1376 2056 1529 2135 ψευδοῦς.

393 2164 420 2214 15
428 2155 490 2222 εἰσί
509 2158 540 2221 δ’
562 2154 596 2220 οἳ
614 2156 671 2222 ναί
696 2161 784 2221 τοῦτ’
807 2154 887 2222 εἶναι
909 2154 1088 2243 φάσκουσιν
1110 2153 1288 2233 αἴτιοντοῦ
1313 2176 1348 2236 ra
1367 2153 1412 2237 μὴ
1428 2154 1530 2241 πλοίου

427 2259 488 2322 τιόν
509 2258 609 2340 τριιόν
639 2257 767 2323 ἐκείνων
802 2237 937 2340 θελῆσαι
967 2262 1101 2340 ποιῆσαι
1135 2257 1286 2338 συνίδρια
1313 2254 1419 2339 σφοῖς,
1453 2253 1531 2335 μηδ’

428 2354 571 2434 ε’ξττάσει
593 2360 709 2423 δοῦναι
732 2359 877 2445 νανονιιιῇ
897 2358 1100 2446 ια’γιιλῂματα
1123 2360 1147 2397 ”
1167 2353 1303 2436 τσότου,
1323 2353 1375 2420 όνα
1397 2352 1441 2436 μή
1464 2359 1559 2429 salci.
1572 2365 1659 2423 roob.

429 2455 548 2523 ἅπασιν
589 2459 719 2545 ἐμφανῆ
753 2461 808 2524 ναί
833 2463 1018 2546 σαφέστερα
1047 2453 1295 2542 καταστήσαντες
1328 2454 1406 2520 κατά
1436 2456 1530 2540 σφοόν

429 2559 534 2623 ον’τιόν
557 2556 775 2643 α’ναστὴσιοσι,
796 2559 851 2624 aaa*
870 2555 926 2636 σός
949 2557 1145 2645 πεφόβηνται
1178 2555 1300 2644 φόβους
1322 2561 1420 2641 πρίν,
1448 2552 1531 2619 πάν-

390 2657 488 2722 ἳθτιον
509 2661 658 2745 φοναῖσιν
678 2657 868 2745 ου’τόχρημα
896 2663 952 2724 νῦν
973 2660 1166 2744 αότουργοί,
1190 2662 1264 2723 καθ
1293 2651 1418 2723 ἓαυτοόν
1440 2651 1533 2720 αότοί

428 2760 667 2841 καθιστάμενοι.
701 2755 750 2826 ἔτι
782 2762 818 2825 δὲ
849 2763 905 2827 ναί
925 2763 984 2825 roei
1006 2760 1049 2843 μὴ
1080 2765 1178 2826 πᾶσιν
1199 2763 1246 2823 ἐπ’
1272 2757 1343 2843 ἴσης
1367 2761 1408 2824 δι’
1431 2749 1528 2839 όχλσυ

426 2865 576 2944 γενέσθαι
597 2868 662 2938 τοῖς
675 2863 859 2938 ’ἀντιθέτοις
881 2860 1000 2939 αδτσός
1021 2864 1107 2927 τοῦτ’
1120 2855 1201 2928 είναι
1215 2858 1394 2947 φάσκουσιν
1413 2856 1528 2942 αἴτιον,
1625 2879 1628 2890 ·

427 2959 478 3026 ἵνα
503 2961 544 3047 δι’]
566 2959 613 3044 μή
635 2963 834 3048 φωραθῶσιν
854 2957 998 3039 ἅπαντας
1020 2969 1200 3048 κεκτημένοι
1220 2961 1339 3047 σχεδόν
1358 2959 1528 3044 πολεμίους

427 3212 462 3268 lis
481 3217 618 3268 exoriatur
637 3214 745 3280 seditio,
765 3215 809 3284 qui
829 3215 934 3285 quidem
953 3223 1039 3269 metus
1058 3217 1092 3268 ad
1111 3223 1137 3268 tc
1163 3217 1233 3269 band
1264 3218 1348 3286 inopis
1378 3217 1523 3285 pertinent,

429 3303 504 3354 quarn
523 3289 546 3338 ai
568 3288 628 3354 quis
647 3293 748 3339 statuas
767 3287 885 3354 lapideas
904 3295 932 3339 et
948 3301 1047 3342 aeneas
1067 3303 1114 3341 sua
1134 3295 1230 3356 sponte
1249 3289 1282 3341 ari
1300 3304 1372 3340 arma
1389 3297 1416 3341 et
1443 3304 1527 3356 pros.

428 3357 465 3409 iia
482 3359 588 3411 noreri
607 3359 726 3410 diceret:
745 3357 777 3410 ad
797 3358 862 3411 istos
882 3373 948 3410 vero
967 3374 1094 3427 porqnarn
1112 3359 1181 3411 tales
1204 3367 1291 3412 metus
1317 3360 1461 3426 pertinent.
1492 3360 1527 3410 iis
1648 3405 1653 3412 ,

430 3431 508 3495 euim,
527 3430 574 3498 qui
597 3428 729 3481 maleficia
747 3431 920 3493 committunt,
942 3431 1062 3483 carnifex
1081 3431 1185 3499 qnidam
1210 3438 1236 3482 ct
1260 3429 1434 3481 inexorabilis
1462 3431 1526 3483 riu·
1621 3456 1627 3466 ·

428 3501 480 3552 dcx
498 3499 576 3552 odeat
594 3501 785 3572 conscientia,
800 3516 850 3568 qua
871 3501 955 3553 veluti
975 3502 1064 3554 securi
1083 3503 1184 3554 animoa
1210 3500 1361 3570 flagellatur
1381 3509 1408 3552 et
1434 3515 1526 3552 omncs

428 3572 538 3623 timores
557 3569 770 3638 cogitationibus
791 3571 955 3636 iniicinutur,
975 3579 1004 3624 ut
1022 3574 1201 3640 suspicentur,
1213 3588 1281 3640 quse
1295 3573 1354 3624 sine
1372 3574 1526 3639 suspicione

429 3650 488 3694 suut
505 3641 630 3709 nibiiquc
648 3641 817 3694 metuendum
845 3643 873 3693 in
897 3659 927 3693 se
953 3643 1071 3709 habent,
1100 3646 1191 3696 eadem
1210 3645 1313 3696 rationo
1338 3644 1446 3709 affecti,
1474 3657 1526 3712 qua

349 3763 350 3768 ,
430 3712 586 3765 oberrantes
608 3715 636 3765 in
657 3713 772 3765 desertis
793 3711 861 3764 iocis
879 3723 959 3782 atque
978 3715 1100 3767 iaucibna
1120 3731 1200 3769 coeca
1220 3722 1247 3765 et
1264 3716 1412 3783 caliginosa
1430 3722 1526 3769 noctes

429 3781 532 3836 domum
552 3785 622 3836 enim
641 3792 669 3836 ct
687 3799 778 3836 saxum
797 3798 828 3836 ac
854 3784 947 3836 iolinm
965 3784 1022 3838 ieri
1047 3801 1112 3838 aura
1135 3787 1260 3855 agitatum
1285 3802 1334 3854 pro
1364 3787 1526 3853 praedonum

430 3861 457 3905 et
477 3855 592 3907 ictorum
612 3857 737 3924 ingressu
756 3854 855 3907 babent
873 3864 952 3924 atque
972 3857 1126 3920 cohorreat,
1145 3857 1331 3910 ialsaetinani
1350 3859 1526 3928 undecunque

430 3926 605 3978 circumventi
624 3927 774 3979 timiditate.
794 3933 857 3978 sunt
875 3934 962 3978 autem
981 3935 1131 3994 praeterea,
1152 3930 1196 3996 qui
1217 3927 1314 3992 dicant,
1335 3929 1386 3980 boc
1400 3933 1427 3984 iu
1446 3945 1526 3982 causa

431 4013 498 4062 esse,
518 4012 565 4048 cur
584 3997 662 4064 plura
681 4013 758 4066 quam
784 3999 834 4049 tria
852 3999 903 4049 ista
922 3998 1038 4050 conciiia
1064 4001 1153 4052 iacere
1179 4008 1206 4050 et
1224 4001 1422 4054 criminationes
1448 4002 1525 4052 istius

430 4069 575 4120 canonicae
595 4069 777 4137 disquisitioni
796 4068 931 4121 subiicere
951 4069 1048 4132 nolint,
1066 4087 1102 4122 uc
1121 4071 1241 4122 omnibns
1264 4087 1309 4122 cas
1328 4073 1365 4122 ita
1383 4073 1525 4138 perspicae

431 4147 508 4208 atque
528 4137 628 4191 clarius
648 4139 885 4209 cognoscentibus,
909 4142 936 4191 in
955 4157 984 4193 se
1004 4143 1077 4208 ipsos
1097 4143 1335 4194 omnesconcitent
1353 4151 1381 4194 et
1397 4157 1442 4208 ue,
1462 4142 1524 4209 qui.

430 4209 477 4262 bus
503 4210 643 4262 timoribus
668 4220 747 4264 antea
765 4213 854 4262 vexari
882 4219 956 4274 sunt,
985 4227 1032 4262 eos
1058 4227 1152 4264 revera
1177 4227 1248 4264 nunc
1268 4213 1319 4263 sibi
1339 4213 1389 4278 ipsi
1416 4211 1525 4274 iaciant,

429 4282 537 4334 dissidio
557 4285 627 4334 inter
646 4283 719 4350 ipsos
739 4290 843 4334 exorto.
863 4282 933 4349 qnod
953 4284 985 4334 ad
1009 4283 1035 4333 id
1053 4284 1160 4347 attinet,
1182 4282 1252 4352 qnod
1270 4298 1325 4335 noo
1340 4281 1526 4333 omnibnssuis

431 4354 589 4407 adrenariis
606 4355 707 4420 pariter
725 4356 834 4422 nogotia
853 4354 1007 4418 iacessunt,
1034 4355 1092 4406 eius
1120 4357 1160 4405 rei
1179 4369 1284 4406 causam
1306 4354 1385 4404 etiarn
1404 4367 1464 4402 csse
1482 4351 1525 4402 di.

431 4431 500 4486 cunt,
518 4441 554 4477 ne
573 4427 610 4475 ita
631 4431 767 4491 appareat,
786 4439 877 4476 onrnca
897 4424 954 4476 iere
972 4425 1342 4491 hominesperrcrsiseorom
1361 4422 1525 4476 novitatibus

429 4495 549 4548 intensos
569 4510 640 4548 esse.
683 4496 751 4547 baec
770 4496 851 4564 igitur
870 4505 988 4565 quartam
1009 4512 1132 4559 causam,
1151 4513 1197 4550 cur
1216 4504 1244 4549 tu
1263 4494 1433 4566 pravioribus
1451 4495 1526 4552 iuiu.

523 4591 689 4670 Νίσιφλοτνν
708 4593 818 4668 (ἔταροι.
842 4592 898 4652 λὀλ.
911 4593 965 4650 tlt.
1325 4600 1342 4660 5
