4000 5392
502 648 574 723 508
682 664 687 673 ·
760 646 1021 722 'urcuuonr
1044 610 1279 718 'onaeonau

499 821 652 907 τεθηηκὸς
674 816 729 884 οῦκ
751 815 904 883 ἐσάλευσε
925 818 988 881 τιῦν
1010 813 1108 880 αὐτοῦ
1121 816 1246 901 φρενῶν
1260 810 1319 892 τὰς
1341 817 1515 902 κρηπῖὃας,
1539 814 1606 883 οὐδ’

503 917 647 1002 ἀθυμίαν
672 918 840 1003 ἀνήκεστον
863 916 1021 999 εὐθυμίας
1047 916 1250 994 ἀλλάξασθαι
1272 918 1478 1002 προσκαίρου
1501 918 1605 1005 παρέ-

501 1043 623 1085 πεισεν·
669 1020 736 1085 ἀλλ’
761 1018 966 1100 αῦτοσχέδιον
994 1017 1184 1102 ξενηλασίαν
1206 1016 1477 1101 μηχανησάμενος
1500 1017 1605 1105 αῦθη-

499 1119 599 1204 μερὸν
621 1119 821 1207 θρηνούντων
852 1120 918 1204 ίίμα
948 1120 1003 1183 καί
1033 1120 1240 1203 θρηνουσιῦν,
1271 1117 1325 1182 ἐπὶ
1358 1121 1415 1204 τής
1445 1120 1605 1205 προτέρας
1658 1108 1662 1117 ’

502 1215 597 1297 αὖθις
620 1220 792 1305 κατέστησε
814 1220 977 1305 θυμηδίας
993 1218 1034 1284 τὰ
1056 1219 1238 1305 πράγματα,
1260 1218 1316 1281 καί
1336 1220 1627 1304 προσκαλεσάμε.ο

503 1344 555 1400 νος
577 1320 657 1406 μετὰ
676 1324 783 1405 τρίτην
805 1324 928 1386 ἐκεῖθεν
952 1320 1075 1406 ἡμέραν
1093 1317 1147 1385 τόν
1167 1319 1238 1384 νέον
1256 1322 1425 1406 μνηστῆρα
1445 1320 1503 1384 τὸν
1522 1320 1603 1404 βάρ-

502 1429 604 1511 βαρον
626 1424 707 1489 κατά
725 1450 757 1489 τι
783 1428 946 1509 κρατήσαι
979 1424 1054 1501 ἔθος
1067 1425 1109 1487 ’ἐκ
1129 1427 1285 1501 παλαιοῦ,
1306 1419 1363 1508 τήν
1382 1425 1603 1508 μνηστευομέ-

504 1549 559 1611 νην
587 1524 704 1603 ἔδειξεν
732 1524 819 1612 αι’τρῖ
853 1526 950 1610 κόρην
983 1522 1063 1609 πρὸς
1095 1523 1225 1588 δέκατον
1259 1520 1331 1608 ἄρτι
1361 1527 1604 1609 προβαίνουσαν

438 1625 581 1703 1’ίέτος
622 1624 740 1691 τούτων
762 1629 790 1691 δ’
813 1624 894 1689 οῦτω
922 1624 1131 1712 διῳκημένων,
1155 1622 1265 1709 ἐπειδή
1279 1623 1335 1708 τήν
1357 1629 1390 1701 ἐς
1410 1624 1465 1689 τδν
1485 1624 1603 1692 Ἀστα-

501 1724 594 1811 κηνὸν
616 1725 731 1789 κόλπον
764 1722 787 1789 δ
808 1723 958 1808 βασιλεῦς
992 1725 1107 1809 α’κήκοε
1140 1724 1279 1789 κάθοδον
1306 1728 1340 1789 ἐκ
1371 1725 1514 1800 Νικαίας
1548 1726 1603 1791 τοῦ
1613 1733 1639 1787 tl

447 1886 449 1891 .
495 1825 657 1912 Ὑρκανοῦ,
679 1825 865 1904 ἐξέπλευσεν
896 1823 992 1901 εῦθῦς
1029 1824 1086 1888 σίν
1108 1849 1143 1909 γε
1178 1827 1225 1912 rugi
1243 1828 1301 1889 τοῦ
1318 1824 1473 1910 Ὑρκανοῦ
1500 1826 1601 1904 παιδί,

500 1928 555 1991 καί
574 1919 629 2011 ήκε
656 1929 839 2013 δευτεραῖος
868 1927 970 1990 ἐκεῖσε
998 1926 1054 1991 καί
1087 1918 1193 2002 οὗτος,
1226 1924 1400 2001 α’ποδιδοῦς
1428 1927 1477 2012 rogi
1504 1924 1603 2009 πατρί
1680 1961 1683 1969 ·

499 2026 553 2093 τὸν
575 2029 675 2091 παῖδα
698 2028 753 2090 καί
775 2026 841 2109 ἅμα
866 2026 962 2104 α”ξαῦν
983 2020 1025 2091 τά-
1047 2027 1192 2110 σίμβολα
1211 2030 1266 2109 τῆς
1287 2028 1442 2110 διαδοχῆς
1463 2028 1602 2111 τήςτιῦν

499 2130 651 2193 Βιθυνῶν
675 2128 777 2213 ἀρχῆς
796 2126 932 2212 τήμερον
960 2126 1046 2213 αὐτῷ
1067 2129 1269 2212 ἐγχειρίσαι·
1324 2129 1448 2191 δίκαιον
1469 2126 1532 2212 γὰρ
1557 2118 1615 2188 εἶν

499 2254 552 2293 ναι
573 2229 629 2293 καί
660 2225 702 2304 οῦς
736 2232 800 2292 τῶν
830 2224 933 2292 ἄλλων
965 2230 1090 2292 παίδων
1121 2231 1242 2310 μᾶλλον
1273 2226 1361 2314 altpt
1388 2226 1637 2312 dyonospts'vrgr,15

499 2330 555 2395 καί
574 2328 617 2406 οῦς
637 2333 794 2413 μνηστῆρι
815 2332 870 2413 τής
887 2327 1047 2411 βασιλέως
1074 2329 1250 2413 θυγατρός,
1284 2328 1339 2392 καί
1371 2324 1415 2403 ὥς
1446 2328 1525 2413 ἀξίην
1548 2330 1601 2410 τῆς

503 2430 606 2515 ἀρχῆς
629 2428 683 2503 διδ
703 2453 738 2494 τε
760 2429 795 2494 τῦ
818 2430 963 2513 ἀνδρεῖον
984 2434 1039 2512 τῆς
1059 2430 1184 2514 γνώμης
1197 2429 1252 2493 καί
1270 2427 1438 2515 ῥωμαλέον
1456 2430 1516 2493 τοῦ
1537 2428 1600 2492 σιδ-

500 2554 601 2615 ματος
622 2530 677 2595 κατ’
699 2531 779 2618 πρός
800 2556 834 2617 γε
864 2530 898 2596 ro*
930 2534 985 2615 τής
1017 2530 1202 2615 φρονήσεως
1227 2529 1405 2616 δραστικόν.
1447 2531 1541 2593 τοῦτο
1564 2525 1601 2611 δή

502 2626 558 2696 οῦν
580 2632 635 2697 καί
649 2634 748 2697 πάλαι
769 2634 991 2719 βεβουλημένιρ
1006 2656 1038 2696 τε
1054 2633 1109 2696 κατ’
1123 2632 1363 2716 βεβουλευμένην
1384 2634 1434 2716 τρῖ
1451 2628 1600 2715 Ὑρκανῷ,

501 2733 570 2797 ἐπεί
590 2732 646 2798 κατ’
666 2730 720 2797 τὸν
739 2735 795 2798 τοῦ
815 2734 974 2815 βασιλέως
994 2730 1207 2815 συμπέπτωκε
1225 2730 1305 2805 τέως
1326 2722 1502 2815 ἐρεθισμόν
1525 2747 1638 2801 σον-νο

502 2832 593 2919 εργὸν
622 2836 663 2919 τῇ
692 2836 811 2899 ἐκείνου
833 2833 930 2919 ταίτη
964 2833 1127 2916 βουλήσει
1146 2831 1316 2918 γενέσθαι,
1350 2829 1453 2919 ῥᾷστα
1489 2826 1601 2893 λοιπὸν

431 2944 485 3008 15
500 2933 555 2997 καδ
575 2931 616 2998 τὰ
635 2937 691 3016 τῆς
714 2935 868 3019 αἰτήσεως
890 2937 1080 3019 πεπρᾶχθαι
1104 2933 1219 3011 ἔδοξεν.
1263 2931 1341 2997 ὅθεν
1363 2930 1418 2994 καί
1439 2954 1599 3016 στρατιω-

498 3035 560 3098 τῶν
583 3036 772 3115 Βυζαντίων
796 3036 913 3113 συχνοί
929 3058 1026 3111 τινες,
1061 3034 1116 3098 καί
1141 3032 1207 3117 ἅμα
1235 3035 1298 3097 τῶν
1320 3030 1453 3115 εῦγενιῦν
1475 3029 1601 3114 ἀνδροῖν

501 3130 556 3195 οὐκ
580 3132 689 3218 ὀλίγοι,
711 3141 776 3208 τοῖς
803 3134 978 3219 βαρβάρων
1004 3135 1119 3217 ἀναμίξ
1141 3133 1348 3219 στρατιώταις
1377 3129 1433 3195 τὸν
1455 3132 1514 3195 τοῦ
1529 3128 1600 3213 Ὑρ-

368 3227 483 3287 ί9541·
497 3235 596 3297 κανοῦ
615 3232 832 3319 προέπεμψαν
846 3235 957 3309 παῖδα,
974 3235 1033 3300 σῦν
1044 3258 1079 3319 γε
1094 3235 1270 3317 κυμβάλοις
1283 3233 1338 3298 καί
1355 3231 1534 3315 τυμπάνοις
1545 3225 1601 3293 καί
1609 3255 1641 3308 25

499 3542 524 3593 ei
547 3541 695 3608 persuasit,
726 3548 755 3593 ut
783 3542 915 3593 tristitiam
938 3557 995 3594 auru
1022 3541 1157 3593 hilaritate
1175 3548 1362 3604 commutaret,
1392 3541 1438 3593 red
1457 3540 1519 3592 sino
1541 3550 1599 3595 arte

497 3611 544 3663 ubi
563 3612 683 3678 hospites
703 3611 805 3678 depulit
824 3629 902 3680 quum
923 3614 1042 3681 qnotidie
1062 3620 1089 3664 et
1108 3613 1159 3664 viri
1180 3621 1206 3663 et
1224 3612 1350 3664 mulieres
1379 3611 1598 3676 lamentarentur,

498 3684 583 3750 priori
602 3682 730 3735 hilaritati
759 3684 915 3735 retradidit
940 3692 967 3734 et
985 3685 1065 3735 tertio
1084 3672 1128 3735 die
1149 3697 1247 3750 sponso
1268 3684 1361 3734 inveni
1390 3682 1503 3734 bethara
1523 3699 1599 3736 more

500 3754 611 3821 quodam
638 3754 748 3821 antiquo
775 3770 897 3819 sponsam
917 3757 1033 3806 ostendit
1055 3754 1171 3821 puellam
1195 3754 1365 3806 decern‘lero
1389 3768 1472 3805 annos
1498 3761 1598 3806 natam.

500 3840 569 3893 quae
588 3838 667 3891 quum
695 3838 727 3875 eo
759 3832 848 3887 esseut
868 3826 977 3889 educta,
997 3841 1063 3888 rex,
1089 3826 1179 3877 audito
1199 3826 1315 3890 llyrcani
1334 3826 1433 3877 Ilionea
1461 3825 1490 3874 in
1509 3827 1598 3877 sinum

499 3896 660 3949 Astraeurm
681 3896 789 3958 itinere,
810 3897 896 3947 statim
917 3912 974 3947 curn
995 3896 1111 3961 Hyrcani
1131 3896 1186 3947 lilio
1206 3897 1353 3963 navigavit.
1390 3894 1440 3946 illo
1459 3895 1521 3946 dein
1545 3896 1598 3946 hnc

416 3976 418 3981 ’
499 3967 584 4019 venit.
603 3966 701 4018 trudito
723 3967 789 4031 patri
809 3966 864 4017 lilio
894 3968 1052 4019 documenta
1080 3967 1228 4033 recipiendi
1252 3967 1329 4034 regni
1350 3965 1485 4033 Bithynicl
1515 3965 1597 4019 hodie

499 4039 524 4089 ei
544 4037 612 4088 tradi
631 4037 714 4087 iubet.
735 4036 841 4105 dignum
862 4052 921 4089 esso
941 4039 1041 4105 qnippe
1060 4038 1105 4105 qui
1126 4039 1210 4104 mogis
1230 4052 1307 4104 quem
1319 4039 1403 4088 ceteri
1421 4036 1501 4087 liberi
1520 4052 1598 4088 ama.

497 4116 581 4172 retur,
600 4110 699 4175 quippo
718 4108 763 4175 qui
782 4109 853 4175 regis
872 4108 944 4159 illine
962 4124 1076 4173 sponsus
1096 4118 1180 4171 esset,
1205 4108 1312 4176 dignum
1342 4123 1402 4159 esse
1423 4121 1508 4175 regno
1529 4122 1597 4174 pro-

497 4186 557 4245 pter
583 4178 687 4231 virilem
712 4179 825 4229 animum
849 4186 875 4230 et
900 4179 1021 4245 corporis
1051 4178 1130 4230 robur
1156 4187 1182 4229 et
1212 4187 1346 4230 strenuam
1369 4185 1494 4229 ruentem.
1544 4179 1596 4229 hon

498 4249 628 4318 quondam
649 4257 752 4315 opturet
774 4250 910 4315 llyrcauus
944 4260 970 4301 ot
998 4251 1085 4301 animo
1110 4259 1164 4301 tum
1191 4248 1337 4313 volvebat,
1358 4264 1435 4317 quum
1456 4247 1527 4300 forte
1548 4264 1596 4315 per

496 4335 589 4387 regern
599 4320 769 4373 vexcitaretur
785 4320 851 4371 illud
868 4322 1028 4371 desiderium
1043 4321 1123 4372 lacile
1133 4321 1241 4387 reliqna
1254 4322 1348 4385 petitio
1359 4319 1496 4385 impetrsri
1514 4335 1597 4385 posse

498 4391 556 4443 visa
578 4398 627 4442 ert.
664 4391 760 4442 deinde
782 4390 881 4442 milites
901 4392 1090 4457 Byzantiorum
1116 4391 1191 4443 multi
1211 4391 1315 4459 quidem
1345 4397 1371 4442 et
1389 4388 1520 4440 nobilium
1543 4390 1596 4441 ho.

498 4463 597 4513 minum
616 4476 670 4513 non
690 4462 766 4527 pauci
787 4460 844 4511 cnm
864 4462 1036 4515 harbarorum
1049 4463 1176 4513 militibus
1194 4463 1268 4511 mixti
1288 4460 1413 4527 llyrcani·
1425 4460 1508 4511 lilium
1528 4476 1597 4525 pro.

498 4532 630 4586 duxerunt
644 4547 704 4585 oum
716 4530 844 4599 cymbulis
857 4540 883 4585 et
895 4535 1026 4602 tympanis
1044 4541 1071 4585 et
1081 4534 1152 4601 picto
1169 4533 1247 4601 regni
1260 4533 1337 4601 signo
1348 4546 1433 4600 usqne
1450 4530 1482 4582 ad
1502 4530 1597 4583 orbern
