4000 5392
515 770 594 846 308
786 767 791 773 ’
819 775 1046 846 ΝῙΟΕΡΗΟΜ
1077 774 1304 844 GREGORAE

450 952 549 1114 n}
616 937 659 1001 Et
687 937 716 1000 δ’
749 937 784 1001 δν
816 937 956 1023 ποιότητι
984 937 1089 1026 α’ὁγκῳ
1110 960 1145 1003 rs
1178 939 1232 1002 aui
1260 937 1412 1020 α’μεμέθει
1436 937 1534 1018 μέρος
1557 934 1615 999 oria

512 1059 617 1104 τεστι
645 1038 746 1120 λέγειν
777 1043 919 1122 κυρίοις,
957 1029 1032 1102 σόει
1061 1041 1198 1122 μέγεθος
1229 1036 1324 1102 οὐδὲν
1356 1039 1562 1119 προστιθέναι
1595 1029 1616 1118 ἢ

510 1136 667 1224 α’φαιρεῖν
689 1137 744 1222 (τό
765 1137 827 1223 μόρ
849 1144 980 1223 λέγομεν
1005 1130 1079 1206 οότο
1097 1137 1237 1223 μεγάλην
1265 1131 1339 1202 οὔτε
1359 1139 1478 1220 μικρὰν
1502 1138 1615 1200 λευκό-

513 1243 630 1325 τητα),
665 1244 784 1308 πολλοῦ
818 1243 905 1321 μέντ”
935 1235 976 1306 όν
1009 1235 1134 1324 δεηόειτ
1153 1243 1207 1304 κατ’
1237 1243 1295 1304 τοῦ
1315 1238 1431 1314 παντός
1462 1243 1535 1321 περί
1558 1243 1615 1322 τῆς

511 1335 602 1414 θειάς
625 1339 737 1416 ουόιάς
758 1343 890 1406 τοιαῦτα
912 1350 993 1406 νοεῖν
1016 1341 1071 1405 κατ’
1092 1345 1203 1426 λέγειν,
1225 1335 1245 1423 ἢ
1266 1346 1387 1427 μεγέθη
1405 1345 1464 1422 μὲν
1483 1342 1539 1404 καί
1557 1363 1639 1420 prr-5

426 1479 429 1483 -
512 1437 647 1526 κρότητα
667 1440 818 1527 πεποίηκέ
840 1465 875 1506 τι
898 1444 955 1508 κατ’
975 1442 1027 1508 ιιέἰ
1047 1451 1139 1526 ποιεῖ,
1163 1441 1245 1525 ου’τη
1271 1445 1300 1505 δ’
1319 1446 1390 1508 iuri
1408 1440 1491 1506 κατὰ
1513 1442 1614 1529 φύσιν

509 1542 640 1628 ου’όαμῇ
659 1545 761 1627 μηδὲν
783 1533 829 1608 τόν
850 1549 1000 1627 πεποίηκέ
1021 1567 1055 1610 τε
1078 1546 1133 1608 κατ’
1153 1541 1207 1607 αέἱ
1226 1551 1319 1607 ποιεῖ.
1371 1545 1448 1609 eddi
1468 1541 1613 1627 πρόεισιν

508 1641 558 1715 ,εἰς
579 1633 680 1724 ὅρκον,
702 1643 771 1708 ου’δ’
794 1637 834 1707 τό
852 1641 896 1726 μη
921 1643 1113 1732 προχωρήσῃ
1136 1648 1221 1708 ποτέ.
1264 1643 1299 1709 τό
1321 1641 1383 1727 μόρ
1408 1636 1488 1732 ὅγκητ
1502 1645 1614 1724 μεῖζον

511 1739 675 1823 γινόμενον
698 1738 834 1823 δυνάμει
855 1747 976 1826 γίνεται
997 1741 1137 1828 ἔλαττον,
1161 1746 1216 1810 κατ’
1235 1742 1271 1808 τό
1296 1743 1462 1826 δυνάμεως
1481 1747 1613 1826 μεγέθει

509 1844 662 1924 μέγιστον
682 1835 775 1926 ὄγκου
792 1847 930 1909 λείπεται
956 1845 1082 1924 παντός,
1104 1844 1155 1908 ἵνα
1169 1849 1316 1928 μέγιστον
1335 1844 1453 1926 ὅμοιὀτς
1474 1842 1526 1907 τίετ’
1540 1845 1614 1907 διο·
1623 1856 1655 1912 10

511 1948 600 2034 μένη.
643 1944 699 2009 κοτ’
717 1944 779 2028 μόρ
802 1949 857 2010 κατ’
876 1947 907 2010 εἰ
926 1949 1001 2027 περὶ
1021 1951 1076 2029 τῆς
1097 1949 1131 2011 όν
1152 1945 1238 2025 χιόνι
1253 1950 1491 2031 ’βουληθείημεν
1510 1948 1612 2028 λέγειν

394 2094 398 2099 ,
509 2042 702 2132 λευκότητος
730 2046 959 2132 διτοδείγματος
991 2045 1115 2129 ἕνεκεν,
1146 2048 1183 2110 οδ
1214 2047 1271 2130 την
1308 2051 1341 2112 ἐν
1368 2051 1411 2134 aqi
1443 2049 1533 2131 μέρει
1555 2052 1611 2131 τῆς
1645 2065 1647 2068 ’

511 2143 620 2230 χιόνος
638 2147 809 2231 λευκότητα
823 2151 920 2233 μέρος
938 2142 977 2214 όν
998 2153 1138 2236 φαίημεν
1160 2151 1216 2232 τῆς
1237 2151 1270 2212 ἐν
1284 2151 1410 2233 πλείστη
1430 2148 1515 2230 χιόνι
1538 2153 1610 2212 λευ-

512 2248 650 2332 κότητος,
671 2247 751 2311 α’λλόι
771 2253 890 2334 μέρους
921 2253 980 2330 μέν
1003 2247 1112 2333 χιόνος
1145 2248 1335 2334 λευκότητα,
1358 2252 1455 2331 μέρος
1477 2250 1512 2312 dt
1536 2255 1611 2314 λευ-

510 2346 640 2433 κότητος
662 2344 786 2432 ἥκιστα·
831 2343 945 2434 doyens
966 2347 1028 2433 ηόρ
1051 2354 1105 2414 κοτ’
1125 2342 1243 2414 όποοον
1264 2349 1338 2413 καθ’
1359 2344 1437 2414 αότό
1459 2348 1650 2430 solumi-15

444 2447 642 2532 “redacti
666 2449 837 2534 λευκότης,
866 2449 911 2526 τίς
945 2451 1114 2518 δέδεικται.
1166 2451 1197 2516 ει’
1213 2452 1247 2515 δέ
1270 2451 1352 2533 μηδὲ
1374 2449 1607 2535 ουμβεβηκόςῆ

511 2545 661 2624 τίνοόσιος
683 2545 764 2634 οότη
785 2555 1001 2634 συμχοορεῖταό
1018 2573 1069 2616 σοι
1105 2556 1248 2634 γίνεσθαι
1269 2554 1426 2634 ἐνέργεια,
1448 2551 1513 2612 ποῦ
1529 2549 1609 2614 ταύ-

509 2673 567 2734 την
588 2654 719 2714 θετέον·
762 2652 832 2735 λέμι
852 2655 908 2716 κατ’
929 2655 1094 2732 νομοθέτει
1110 2651 1162 2718 cai.
1206 2656 1262 2736 τῆς
1281 2649 1343 2735 μόρ
1359 2653 1415 2717 τοῦ
1432 2643 1517 2726 όντος
1536 2675 1609 2746 φιτ-Ι

509 2750 564 2834 νῆς
591 2754 637 2827 εἰς
668 2751 780 2818 οτίοιάν
804 2756 863 2817 κατ’
883 2753 1083 2837 συμβεβηκός
1108 2752 1349 2837 διαιρουμένης,
1371 2753 1401 2817 εί
1419 2749 1492 2835 μήτ’
1513 2751 1607 2816 οιίοιίι

509 2847 592 2933 μήτε
613 2850 814 2936 συμβεβηκός
835 2850 902 2936 εἴη,
931 2856 993 2918 τοῖν
1014 2847 1111 2924 όντοτν
1138 2854 1196 2919 οόκ
1217 2846 1256 2918 όν
1277 2855 1418 2938 λέγοιτο·
1464 2856 1649 2918 lezionario

509 2945 575 3034 ἄρα
597 2950 644 3036 μη
665 2943 702 3018 όν
723 2955 756 3030 έξ
776 2953 913 3042 οίνοίμκης
932 2957 1091 3038 λέγεσθαι.
1136 2948 1218 3036 αὕτη
1239 2956 1300 3020 rods
1321 2957 1437 3020 κοινῶν
1456 2976 1513 3018 σου
1527 2955 1607 3040 δογ-

508 3048 657 3136 μότοονῆ
680 3059 838 3140 τερατεία,
861 3059 937 3120 καλὲ
961 3057 1123 3138 Παλαμᾶ,
1142 3053 1179 3120 τό
1201 3054 1360 3122 πιοτεόιιν
1382 3057 1427 3133 εἰς
1444 3050 1478 3122 τό
1501 3043 1547 3139 μὴ
1570 3051 1607 3124 όν

581 3307 682 3373 Quodsi
692 3307 720 3360 iu
730 3307 859 3378 qualitate
870 3325 940 3379 quse
948 3310 1137 3380 magnitudinis
1150 3317 1177 3364 et
1183 3309 1364 3378 amplitudinis
1376 3318 1417 3364 est
1426 3327 1531 3379 expers,
1541 3326 1606 3380 pur.

508 3382 628 3433 teuuou
648 3377 714 3434 licet
731 3382 841 3450 proprie
858 3382 964 3448 dicere,
991 3398 1081 3452 ueque
1099 3383 1306 3451 magnitudinem
1325 3382 1406 3434 ullam
1425 3383 1542 3435 adiicere
1561 3393 1608 3436 aut

509 3451 665 3504 detrahere:
684 3467 774 3522 neque
786 3453 855 3505 enim
865 3453 976 3506 dicimus
986 3469 1105 3524 τιτορττοτττ
1116 3470 1204 3522 neque
1217 3469 1324 3522 parvum
1334 3453 1520 3506 altitudinem:
1535 3456 1607 3507 mul.

508 3528 562 3574 tom
574 3523 696 3589 prolecto
706 3525 766 3577 sive
776 3525 865 3592 potius
875 3539 953 3578 omne
963 3525 1049 3591 abest,
1067 3525 1138 3578 utde
1152 3526 1206 3578 divi
1227 3524 1443 3577 aesseutiatulia
1458 3526 1606 3594 cogitemus

509 3601 537 3644 et
548 3594 675 3660 dicamas,
688 3611 758 3665 quse
770 3597 976 3666 magnitudinem
991 3605 1019 3649 et
1030 3597 1187 3664 parvitatem
1198 3597 1210 3649 i
1226 3599 1264 3648 cit
1277 3604 1304 3647 et
1316 3611 1421 3662 semper
1436 3597 1518 3649 lucit:
1539 3595 1606 3650 haec

509 3672 597 3717 autem
618 3676 745 3722 enatura
762 3667 838 3720 nollo
856 3669 933 3721 modo
949 3668 1091 3738 quidquam
1106 3677 1147 3720 est
1160 3682 1260 3733 corum,
1281 3683 1348 3735 quae
1368 3668 1433 3719 lecit
1453 3675 1479 3718 ct
1500 3683 1606 3738 semper

509 3735 589 3790 iacit:
607 3753 697 3808 neque
714 3740 804 3806 prodit
822 3739 849 3791 iu
867 3738 1083 3807 amplitudinem,
1110 3754 1198 3806 neque
1218 3754 1332 3807 uuquam
1352 3737 1488 3805 procedet,
1506 3741 1604 3790 etenim

509 3809 579 3876 quod
591 3809 766 3877 amplitudine
777 3810 861 3862 maius
871 3810 908 3875 dt,
923 3811 951 3862 vi
961 3811 990 3862 lit
1004 3812 1091 3862 miuus
1103 3816 1130 3862 et
1139 3811 1209 3878 quod
1220 3811 1261 3862 vis
1272 3809 1452 3878 magnitudine
1463 3812 1604 3862 maximum

509 3886 560 3945 est,
581 3880 613 3932 ab
632 3881 806 3949 amplitudine
823 3881 986 3950 relinquitur
1005 3883 1092 3947 omni,
1111 3890 1141 3933 ut
1157 3882 1296 3933 maximum
1310 3896 1396 3949 aeque
1415 3896 1519 3947 semper
1539 3896 1604 3948 per.
1655 3885 1659 3892 '

508 3960 622 4003 maneat.
667 3953 765 4004 etenim
791 3954 815 4005 si
838 3953 871 4005 de
897 3953 1045 4006 albitudine
1075 3968 1143 4022 quae
1170 3960 1211 4003 est
1238 3954 1265 4003 in
1289 3953 1352 4004 nivo
1372 3951 1485 4003 velimus
1505 3952 1606 4014 dicere,

511 4022 630 4090 exempli
648 4025 743 4094 gratia,
761 4038 816 4076 nou
835 4023 1009 4076 altitudinem
1028 4039 1097 4092 quse
1117 4032 1157 4076 est
1176 4024 1203 4074 iu
1221 4032 1297 4092 parte
1315 4023 1386 4075 nivis
1406 4022 1521 4074 dicamus
1540 4039 1604 4091 pur.

500 4099 561 4144 tem
581 4094 735 4146 albitudiuis
762 4111 832 4164 quae
860 4103 901 4148 ost
920 4098 948 4147 iu
968 4095 1081 4162 piurima
1099 4096 1183 4160 nive,
1202 4096 1250 4148 sed
1268 4092 1439 4146 albitudiuem
1459 4095 1540 4160 partis
1559 4097 1605 4146 ui.

509 4165 570 4229 uis,
591 4167 699 4218 minime
718 4174 806 4218 sutem
826 4175 927 4234 purtem
946 4166 1109 4218 albitudinis.
1146 4165 1326 4232 amplitudinis
1353 4167 1422 4217 enim
1447 4173 1473 4216 et
1495 4166 1605 4232 quenti.

510 4235 572 4288 tatis
592 4252 689 4304 expers
706 4252 756 4305 per
772 4253 803 4290 se
824 4247 852 4289 et
869 4238 1058 4305 magnitudinis
1074 4245 1115 4290 est
1130 4237 1260 4302 altitudo,
1279 4244 1308 4287 ut
1328 4237 1533 4288 demonstratum
1554 4245 1604 4289 est.

510 4307 551 4358 siu
571 4316 659 4359 autem
677 4325 713 4362 ue
730 4309 854 4361 accidens
873 4309 980 4377 quidem
998 4324 1059 4360 crae
1077 4308 1144 4359 haec
1170 4307 1352 4360 inessentialia
1371 4323 1386 4359 a
1407 4316 1434 4358 to
1449 4309 1606 4360 conceditur

511 4377 668 4445 efficientia,
687 4379 733 4431 ubi
756 4395 813 4431 eum
834 4377 987 4446 pouemus'i
1022 4380 1065 4431 dic
1085 4387 1112 4431 et
1125 4379 1226 4447 impera
1243 4388 1287 4432 tu:
1307 4395 1366 4430 cum
1386 4379 1455 4430 euim
1474 4393 1526 4430 uox
1546 4380 1605 4432 cius

511 4450 581 4518 qood
614 4459 655 4504 eat
681 4452 708 4502 iu
732 4451 874 4503 essentiam
904 4458 931 4501 et
957 4449 1082 4503 accidens
1101 4451 1249 4516 dividatur,
1270 4452 1293 4502 si
1312 4449 1360 4504 illu
1379 4465 1468 4519 ucque
1488 4453 1606 4502 essentia

510 4527 552 4573 est
569 4535 658 4590 neque
677 4523 818 4586 accidens,
837 4536 891 4572 nou
910 4521 961 4572 dici
981 4530 1070 4589 potest
1088 4523 1230 4592 quidquam
1256 4538 1347 4576 corum
1366 4538 1435 4591 quae
1454 4529 1532 4574 suut:
1557 4537 1605 4573 re.

507 4591 639 4660 linquitur
658 4593 741 4663 igitur
767 4592 921 4645 necessario
945 4599 975 4642 ut
992 4608 1045 4645 uon
1078 4609 1138 4646 esse
1161 4595 1271 4646 dicatur.
1315 4593 1366 4644 hau
1392 4601 1452 4644 suut
1472 4606 1604 4646 novorum

508 4670 614 4719 tuorum
632 4667 782 4736 dogmatum
808 4665 990 4734 praestigiae,
1010 4663 1115 4718 Paloura
1134 4667 1261 4737 egregie,
1283 4673 1312 4717 ut
1331 4665 1423 4719 credas
1441 4666 1469 4718 iu
1488 4665 1514 4717 id
1533 4665 1605 4733 quoti
