4000 5392
474 810 547 886 tto
782 815 1006 888 urcmnonr
1042 818 1270 888 draconun
1320 773 1326 778 ’Ὺ
1421 881 1424 890 Α

470 973 709 1064 γνωστὸνῆμϊν
730 973 860 1046 δύναται
885 984 1030 1065 γίνεσθαι
1055 986 1112 1048 τοῦ
1138 985 1217 1047 θεοιῖ
1251 981 1304 1048 διά
1326 984 1389 1048 τῶν
1412 987 1573 1069 φαινομέ-

473 1104 535 1144 νων
557 1082 656 1145 αδεοῦ
673 1086 727 1145 και·
757 1088 976 1167 πεποιημένων
1010 1087 1173 1166 ἐνεργειῶν
1193 1088 1248 1148 καλ
1268 1087 1451 1166 δυνάμεων,
1475 1089 1570 1151 τοῦτο

472 1189 537 1256 τοῖς
558 1182 592 1244 ἐκ
613 1183 782 1267 διαφόρων
814 1186 1028 1265 ἐτυμολογιῶν
1049 1180 1199 1266 ὀνόμασιν
1223 1185 1369 1268 άλληλοις
1397 1183 1572 1268 ἐπισημαι-

472 1283 596 1360 νάμεθα
619 1291 689 1356 ταῖς
710 1293 881 1366 γνωμικαῖς
910 1281 944 1362 ἐξ
977 1283 1114 1368 άνάγκης
1140 1285 1231 1370 ἡμῶν
1253 1286 1332 1349 κατά
1357 1285 1392 1350 ιδ
1416 1286 1571 1371 α’νάλσγον

471 1386 615 1465 χρειάις,
645 1385 702 1448 οάκ
729 1382 873 1461 άτάκτως
894 1388 949 1464 δέ,
973 1389 1029 1450 καί
1049 1385 1092 1460 ῶς
1113 1383 1232 1475 ἑκάστῳ
1254 1384 1291 1451 τά
1312 1389 1367 1470 τῆς
1386 1387 1596 1506 βογλήσεωςῧ

473 1482 652 1569 ὑποτίθησι,
675 1486 828 1569 δρῶντες,
853 1486 935 1552 άλλά
958 1495 1023 1564 τοῖς
1050 1491 1111 1552 τῶν
1134 1492 1230 1552 θειόον
1257 1483 1434 1569 nerdpwo‘
1423 1487 1571 1570 επάμενοι

405 1580 671 1668 οῦδάγμαοιν
646 1612 727 1706 οιχρι
748 1591 803 1651 κατ’
824 1589 880 1671 τῆς
900 1586 1060 1673 τυχούσης
1081 1591 1240 1672 γραμμῆς.
1286 1591 1487 1670 πρῶτονμὲν
1507 1586 1569 1671 γάρ

473 1683 489 1748 d
514 1684 618 1770 σωτηρ
641 1684 675 1756 ἒν
695 1676 892 1807 εάαγγελιοις
914 1690 1074 1773 μηδεμιᾶς
1104 1699 1317 1774 καταφρονεῖν
1343 1699 1498 1807 ηαροιινει·
1517 1713 1571 1754 κε-

472 1792 564 1871 ραίας
586 1792 648 1854 τῶν
669 1792 702 1854 ἐν
720 1786 888 1912 γράμμασι
922 1791 1020 1854 θείων
1038 1791 1140 1854 αάτοῖι
1149 1786 1415 1908 προσταγμάτων
1441 1795 1496 1855 κατ’
1517 1793 1571 1854 ε’ν-

471 1891 589 1952 τολῶν·
633 1878 677 1952 ῶν
697 1891 753 1952 ode
775 1882 877 1953 oid’t
860 1886 1030 1972 οπάτερον·
1066 1918 1084 1974 η
1118 1887 1179 1973 γάρ
1202 1892 1259 1953 οιιίι
1281 1885 1426 2011 άκηκοας
1438 1887 1494 1970 ἔτι,
1516 1889 1611 1955 καιλθ

470 1990 559 2053 ταῦτ’
579 2013 613 2054 εν
633 1989 814 2065 ἐπισκόποις
838 1991 916 2076 (φεῦ
932 2014 986 2073 της
1003 1990 1151 2080 α’τοπιάς)
1175 1985 1328 2071 τελῶν,’
1307 2017 1326 2073 η
1349 1989 1488 2066 α’κοάσας
1509 1994 1568 2055 οάκ

469 2076 585 2173 ᾔσθου.
638 2085 740 2152 ἔπειθ’
782 2079 834 2154 ῶν·
856 2087 953 2165 αδτός
987 2091 1170 2173 διαβάλλεις
1208 2088 1262 2154 τὸν
1292 2093 1367 2156 νοῶν
1409 2092 1567 2207 θεολάγοιν

470 2211 526 2270 της
548 2191 713 2273 ἐκκλησίαις
745 2191 932 2275 άνδρῶν,ι
915 2217 931 2254 o
960 2192 1076 2273 μὲνέν
1060 2194 1242 2309 νθεολογίρι
1267 2194 1363 2274 μέγας
1395 2194 1425 2256 Γ
1424 2215 1569 2274 ρηγοριος

465 2283 579 2372 ημεδς
601 2287 657 2353 dd
677 2313 774 2408 φησιν
783 2286 835 2356 εἰ
850 2316 902 2356 και
916 2319 1013 2376 μεχρι
1034 2317 1088 2376 της
1102 2316 1261 2377 τυγοισης
1277 2317 1438 2376 κεραιαςη
1462 2317 1574 2377 γραμ-
1666 2295 1667 2298 ’

468 2414 530 2474 μης
552 2392 609 2455 τοά
632 2391 810 2469 πνεύματος
830 2392 887 2474 τήν
909 2393 1073 2477 α’κράβειαν
1096 2395 1243 2474 ἕλκοντες,
1270 2387 1385 2457 οὔποτε
1410 2394 1567 2474 δεξομεθιι
1578 2413 1610 2466 15

471 2487 524 2576 (οδ
546 2489 607 2573 γάρ
630 2483 733 2577 oscos)
760 2492 836 2558 ον’δὲ
860 2492 917 2568 τάς
933 2496 1105 2576 ἐλαχίστοις
1128 2496 1254 2576 πράξεις
1277 2494 1345 2580 εἰκῇ
1357 2495 1568 2576 σπουδασθῆ-

469 2615 521 2655 ναι
543 2601 606 2667 τοῑς
627 2591 835 2675 άναγράψασι
859 2593 914 2660 καί
936 2596 1034 2677 μέχρι
1066 2597 1124 2660 τοῦ
1146 2592 1300 2678 παρόντος
1318 2595 1423 2682 μνήμη
1447 2598 1569 2661 διασω-

468 2695 585 2774 θῆναι,
618 2691 687 2756 άλλ’
718 2696 757 2756 δι’
778 2692 868 2775 ἡμεῖς
898 2692 1022 2789 ἔχωμεν
1057 2695 1268 2778 δπομνὴμστα
1291 2699 1345 2758 καί
1364 2697 1567 2778 παιδεύματα

469 2794 524 2877 τῆς
543 2795 606 2858 τῶν
629 2789 747 2875 ὁμοίων
774 2794 879 2859 εἴποτε
913 2801 1070 2876 συμπέσοι
1102 2793 1213 2880 κοιρός
1240 2798 1457 2880 διασκέψεως,
1486 2791 1568 2862 ῶστε

468 2891 506 2957 τά
530 2897 590 2976 μὲν
610 2894 740 2980 φεύγειν
763 2895 801 2962 τά
825 2896 860 2960 δὲ
882 2894 1059 2978 αἱρεῖσθαι,
1084 2888 1149 2960 οἷον
1167 2895 1276 2960 κανόσι
1295 2900 1350 2961 κατ’
1370 2894 1479 2972 τάποις
1504 2906 1610 2975 everto

405 2999 684 3078 ἰοπρολαβοιῖσιν
704 2991 850 3074 ἑπόμενοι
873 2996 1159 3079 παρσδειγμασιν.”
1179 2993 1204 3078 άἱ
1218 2998 1252 3060 dd
1277 3001 1377 3082 μέγας
1397 3000 1568 3073 Βασιλειος

465 3093 570 3177 “xpp”
591 3119 671 3181 φησι
689 3089 764 3159 ι’τάν
786 3093 847 3178 πρά
871 3095 1051 3181 ὀφθαλμῶν
1072 3093 1185 3177 ἔχοντα
1213 3098 1248 3160 τὸ
1270 3099 1324 3160 τοῦ
1347 3101 1495 3180 Χριστοῦ
1518 3100 1569 3162 δι-

473 3190 654 3280 καστήριον,
679 3196 736 3261 καλ
757 3196 864 3262 ελδδτα
887 3192 960 3271 door
982 3195 1153 3274 ὃκάνδονος
1167 3198 1296 3285 άφελεϊν
1316 3223 1347 3264 τι
1369 3189 1389 3282 ἢ
1411 3203 1569 3284 προσθεῖ-

469 3511 650 3580 significamus
667 3510 819 3564 nominihus
838 3510 923 3564 ductis
944 3527 977 3564 ex
995 3512 1109 3564 diversis
1127 3509 1308 3563 notationibus
1326 3513 1480 3565 necessario
1500 3529 1566 3580 pro.

469 3593 528 3652 pter
547 3598 622 3636 usum
649 3592 768 3636 nostrum
794 3584 983 3636 sententiarum
1013 3585 1046 3636 ad
1073 3583 1273 3635 similitudinem
1301 3584 1485 3648 formatarum
1511 3600 1566 3636 nnn

469 3663 556 3707 autern
578 3655 637 3706 sina
657 3655 752 3724 regula
770 3663 798 3707 ut
817 3655 913 3722 cuique
933 3654 1057 3707 voluntas
1084 3657 1216 3724 suggerit,
1238 3653 1289 3705 hoc
1314 3653 1435 3719 iacimus,
1454 3655 1502 3707 sed
1521 3657 1566 3708 di.

469 3727 592 3778 vinorum
612 3735 714 3792 patrum
734 3728 871 3794 sequimur
889 3727 1021 3795 dogmata,
1041 3727 1119 3777 irnmn
1144 3728 1222 3776 etiarn
1241 3725 1332 3777 literas
1355 3725 1486 3779 fortuitas.
1506 3728 1566 3794 pri,

468 3813 538 3849 marn
558 3798 627 3848 enini
646 3807 770 3850 serrator
790 3800 816 3849 in
838 3797 989 3866 evangeliis
1010 3806 1119 3863 monet,
1139 3814 1174 3849 ne
1193 3805 1390 3849 contemnamus
1412 3813 1446 3848 ne
1461 3799 1565 3865 apicem

470 3869 575 3936 quidem
595 3869 679 3921 ullum
698 3871 829 3920 iussorum
850 3876 877 3919 et
895 3869 1076 3921 mandatorum
1104 3871 1160 3920 sius
1190 3868 1337 3920 divinorum
1360 3885 1428 3937 quae
1448 3870 1475 3920 in
1493 3870 1562 3921 scri.

469 3948 544 4008 ptura
561 3942 751 4006 reperiunturr
773 3954 883 4008 quorum
896 3941 989 3992 nescio
1010 3949 1105 4005 utrum,
1124 3948 1169 3991 aut
1182 3940 1250 3990 enim
1268 3953 1322 3990 non
1341 3940 1466 3992 audivisti
1486 3941 1564 4004 haec,

469 4026 528 4062 cum
547 4012 626 4062 etiam
641 4011 709 4062 haec
727 4011 813 4062 adhuc
835 4019 927 4062 contra
942 4012 1095 4080 episcopos,
1114 4027 1161 4079 pro
1173 4011 1297 4078 ineptias,
1319 4025 1393 4079 agas,
1412 4020 1458 4063 aut
1475 4027 1563 4080 quan.

468 4097 546 4152 quam
566 4083 709 4147 audivisti,
734 4096 788 4134 nun
808 4082 977 4150 intellexisti.
1015 4084 1111 4136 deinde
1127 4083 1315 4150 theologorum
1341 4083 1473 4135 ecclesias
1493 4098 1564 4152 quo.

468 4169 525 4206 rum
544 4160 573 4204 tu
591 4153 681 4206 diliers
700 4153 867 4206 sermonibus
887 4157 1034 4208 sententies
1053 4170 1163 4222 magnus
1187 4153 1236 4206 ille
1257 4153 1360 4220 quidem
1379 4155 1405 4205 in
1425 4152 1564 4222 theologia

469 4224 631 4292 Gregorius:
651 4239 702 4277 nos
720 4233 818 4288 autern,
837 4227 934 4294 inquit,
954 4227 1020 4278 licet
1040 4228 1118 4278 etiarn
1139 4229 1167 4276 ln'
1187 4226 1296 4277 lortuito
1316 4227 1393 4293 apice
1411 4233 1456 4276 aut
1476 4224 1563 4277 literis

467 4296 577 4364 spiritus
597 4296 794 4348 accurationem
810 4295 977 4360 adhibentes,
996 4313 1129 4366 nunquam
1143 4296 1245 4365 rupturi
1266 4296 1366 4348 simus:
1386 4297 1564 4365 nequeenim

468 4376 509 4419 est
527 4367 634 4429 iustum,
655 4368 774 4419 minimas
794 4381 901 4435 quoque
922 4384 966 4420 ras
985 4375 1087 4421 temere
1112 4369 1217 4421 trectori
1241 4368 1449 4436 ascriptoribus
1470 4375 1497 4418 et
1516 4383 1564 4418 us-

468 4454 520 4507 que
538 4437 571 4488 ad
590 4437 643 4489 boe
661 4447 764 4506 tempus
783 4439 910 4489 memoria
929 4441 1051 4504 servari,
1071 4439 1165 4492 ssltcm
1184 4447 1213 4490 ut
1232 4437 1373 4490 habeamus
1395 4437 1565 4490 recordatio.

466 4525 526 4561 nem
547 4517 574 4560 et
593 4509 786 4562 institutionem
812 4508 1016 4562 deliberationis
1041 4511 1180 4576 similium,
1212 4511 1356 4561 occasione
1383 4511 1460 4572 date,
1481 4511 1516 4560 ita
1536 4515 1565 4560 ut

468 4580 534 4632 haec
553 4579 695 4648 fugiemus,
715 4581 763 4634 illa
781 4580 963 4647 praeferamus
991 4589 1115 4650 tanquam
1135 4580 1243 4650 regulas
1269 4588 1296 4631 et
1315 4589 1458 4648 prototypa
1478 4581 1565 4631 secuti

472 4654 627 4719 praeeuntia
653 4651 784 4720 exempla.
816 4667 941 4720 ‚magnus
966 4660 1053 4704 autern
1072 4653 1186 4706 Basilius
1222 4660 1343 4718 oportet,
1372 4653 1476 4720 inquit,
1496 4665 1566 4715 eum,

422 4731 427 4740 '
472 4725 516 4795 qui
537 4730 601 4776 ante
620 4724 716 4777 oculos
735 4722 815 4776 babet
833 4723 932 4780 Christi
951 4724 1078 4778 iudicium
1093 4741 1180 4794 neque
1198 4726 1305 4793 ignorat
1322 4732 1446 4794 quantun
1456 4723 1566 4792 pericu.
