4000 5392
554 537 778 606 nrsnomuu
798 537 1056 606 nmmumsn
1074 541 1170 606 xxx.
1187 521 1375 607 68-71.
1438 535 1518 606 ‘317

422 720 477 771 ναι,
497 705 560 774 τοῖς
581 701 851 782 παραδεδομένας
872 695 935 763 sind
956 703 1013 764 τοῦ
1030 698 1213 781 πνεύματος,
1234 696 1278 782 μη“
1301 701 1375 782 παρ’
1397 691 1518 764 ἑαυτοῦ

420 804 878 882 φιλοτιμεῖσθαικαινοτομεῖν,
902 799 983 866 diti
1005 810 1069 876 τοῖς
1083 805 1405 884 προκατηγγελμένοις
1428 797 1516 885 παρά

419 899 479 962 τοῖν
500 896 599 980 άγῖων
627 902 874 985 ἐφησνχάζειν.”
923 899 939 965 ὁ
976 903 1011 965 δὲ
1041 899 1096 984 την
1127 903 1269 982 γλῶτταν
1293 904 1435 984 χρυσοῦς
1461 899 1516 964 καί

420 997 515 1075 ου’τδς
535 997 653 1080 δμοίως
670 1000 728 1066 “da
748 1011 816 1077 ταῖς
829 1006 962 1112 Ιθειάις”
986 999 1068 1086 φησί
1081 999 1245 1086 ιιγραφαῖς
1270 1000 1348 1066 ῖάτα
1371 998 1404 1063 ἓν
1424 994 1444 1084 ἢ
1462 1023 1515 1064 κε-

393 1097 515 1183 5ριιιάν
535 1103 612 1181 μιάν
644 1106 867 1186 παραδραμεῖν
899 1104 955 1166 οδκ
976 1103 1127 1187 α’ζημινν,
1150 1097 1228 1166 άστε
1258 1099 1360 1166 πάντα
1390 1105 1516 1186 διερευ-

420 1203 538 1265 νάοθαι
555 1203 651 1287 xpp?
705 1201 838 1286 α’κηκοας
867 1207 897 1268 δ’
924 1189 1014 1286 οἶμαι
1043 1200 1103 1286 πρὸ
1134 1203 1272 1286 βραχέος
1301 1203 1441 1268 ἐνταῦθα
1463 1203 1517 1268 κατ’

413 1305 599 1386 ΙΓρηγορῖου
621 1307 679 1370 τοῦ
700 1303 834 1389 Νάστης
850 1302 926 1371 ι(διά
951 1304 988 1372 τδ
1013 1311 1053 1394 τῇ
1074 1303 1226 1392 orcpssi'vpn
1248 1300 1517 1390 φάοκσντος“πε-

419 1407 531 1490 ριβολῇ
552 1403 610 1487 την
633 1402 732 1490 φάσιν
745 1406 836 1490 ἡμῶν
849 1406 1090 1490 περιεῖργεσθαι
1105 1407 1333 1490 φανερωθῆναι
1354 1409 1416 1472 τάν
1437 1404 1518 1488 ἡμε-

422 1507 520 1588 τέρων
541 1512 600 1569 τοῦ
624 1509 680 1570 κου’
710 1509 890 1590 κινημάτων
911 1507 956 1592 μη
982 1510 1188 1588 δυναμένων,
1212 1500 1390 1588 ἀναγκαίως
1412 1506 1517 1585 καθά,-

376 1614 478 1688 ιθπερ
500 1614 616 1687 σημεῖα
645 1614 708 1681 τοῖς
739 1609 905 1689 πράγμασι
937 1606 994 1682 τάς
1025 1604 1118 1682 ποιάς
1145 1610 1208 1672 τάν
1229 1605 1388 1687 ὀνομάτων
1409 1609 1516 1683 θέσεις

421 1707 654 1788 ἐπιβάλλοντες,
677 1709 718 1772 δι’
741 1711 869 1773 ἐκείνων
890 1706 948 1783 τάς
971 1712 1028 1774 τοῦ
1048 1710 1109 1772 νοῦ
1130 1703 1266 1792 κινήσεις
1288 1704 1437 1790 άλληλοις
1459 1710 1517 1792 δη-

420 1802 631 1887 μοοιεάομεν·
674 1809 729 1871 κατ’
747 1807 859 1873 τούτου
880 1805 978 1892 χάριν
999 1812 1042 1896 τῷ
1056 1811 1116 1890 μέν
1134 1805 1195 1872 τινι
1217 1811 1278 1873 τάν
1297 1799 1397 1872 ὄντων
1418 1798 1516 1890 ὄνομα

421 1904 556 1988 οδρανόν
577 1909 743 1991 ἐθέμεθα,
766 1906 861 2000 ἑτέρην
895 1912 930 1974 δὲ
951 1915 1010 1992 γῆν
1033 1914 1085 1974 καὶ
1109 1903 1193 1998 ἄλλην
1217 1901 1291 1974 ἄλλο
1313 1934 1363 1975 τι.
1406 1911 1461 1974 καὶ
1478 1909 1515 1976 τδ
1527 1922 1546 1978 i.
1556 1923 1636 1979 147τ.

421 2009 500 2091 πρός
519 2032 548 2071 τι
571 2012 637 2085 πῶς
660 2007 744 2092 ἔχειν
766 2007 788 2093 η”
808 2009 843 2076 τά
866 2015 1004 2093 ἐνεργεῖν
1028 2005 1048 2092 ἢ
1068 2010 1101 2074 τά
1123 2011 1268 2092 πάσχειν,
1288 2011 1388 2076 ταῦτα
1411 2009 1516 2078 πάντα

378 2121 412 2174 15
421 2107 621 2187 ἰδιαζούσαις
644 2112 922 2195 ἐπισημαινόμεθα
945 2121 1016 2186 ταῖς
1040 2120 1171 2197 φωναῖς,
1193 2109 1234 2185 τδς
1254 2106 1294 2176 άν
1313 2111 1358 2194 μὴ
1383 2110 1516 2177 άκοινά-

421 2209 513 2292 νητδς
545 2233 579 2276 τε
616 2214 672 2277 κατ’
699 2203 855 2294 άγνωστος
887 2210 906 2294 ἦ
936 2214 994 2277 τοῦ
1015 2214 1070 2276 νοῦ
1100 2212 1219 2295 κίνησις
1240 2213 1273 2275 ἐν
1304 2206 1377 2294 ἡμῖν
1399 2209 1519 2294 μένοι.”

421 2301 526 2385 άλλως
546 2335 581 2375 τε
601 2311 656 2375 κατ’
678 2310 848 2394 ἐπειδήπερ
883 2305 1005 2385 άπαςδ
1034 2313 1097 2375 τάν
1122 2309 1301 2392 άνθράπων
1332 2316 1399 2392 δῖος
1419 2309 1583 2398 φάσειιι

421 2410 477 2475 κατ’
497 2411 602 2491 νόμοις
623 2420 687 2487 τοῖς
713 2410 765 2476 διά
792 2413 943 2497 ῥημάτων
957 2436 989 2478 τε
1012 2411 1067 2476 κατ’
1085 2409 1282 2496 γραμμάτων
1305 2415 1516 2494 οἰκονομεῖται

421 2510 478 2574 κατ’
495 2514 670 2594 διοικεῖται,
693 2513 781 2596 καίη
804 2517 863 2593 μὲν
887 2509 985 2598 φάσις
1010 2505 1144 2576 άτακτον
1164 2510 1219 2574 κατ’
1240 2508 1419 2594 άνάμαλον,
1441 2512 1457 2576 ά
1482 2515 1518 2578 δὲ

377 2607 515 2691 μονόμος
535 2602 701 2695 εὔρυθμόν
723 2637 754 2678 τε
776 2617 831 2678 κατ’
858 2617 1045 2697 τεταγμένον
1068 2615 1123 2678 κατ’
1141 2611 1278 2693 ὁμαλόν,
1305 2612 1336 2677 εἰ
1355 2617 1408 2678 σοι’
1429 2637 1517 2678 πεισ-

421 2714 527 2787 θέντες
550 2713 721 2794 άπρακτεῖν
741 2712 895 2795 ἐάσαιμεν
913 2713 971 2796 την
992 2717 1054 2778 τάν
1076 2709 1228 2798 ῥημάτων
1249 2715 1304 2778 κατ’
1318 2715 1517 2797 γραμμάτων

420 2809 566 2893 δύναμιν,
587 2815 644 2878 oda
668 2809 708 2878 άν
720 2812 899 2900 φθάνοιμεν
910 2812 1017 2900 κωφὸν
1041 2818 1096 2880 κατ’
1116 2815 1251 2896 μάταιον
1276 2809 1516 2892 άποδεικνάντες

419 2911 476 2998 την
494 2910 660 2999 ἒγκδσμιον
686 2913 802 3001 ταάτην
835 2915 891 2980 κατ’
922 2915 1112 2998 θαυμασίαν
1142 2920 1269 3000 ποκἠοιν
1286 2915 1344 2981 τοῦ
1363 2917 1440 2980 θεοῦ
1463 2919 1519 2981 κατ’

417 3218 476 3272 ‘ium
498 3222 533 3274 sit
559 3223 587 3276 in
606 3223 734 3274 demendo
746 3223 847 3292 aliquid
866 3233 911 3277 aut
928 3224 1048 3278 addendo
1060 3225 1093 3277 iis
1104 3239 1171 3292 quea
1191 3222 1314 3290 sspiritn
1331 3223 1426 3276 traditu
1445 3229 1516 3287 sunt,

422 3307 477 3344 nou
497 3309 531 3345 cx
555 3310 585 3346 se
606 3296 713 3348 studere
740 3312 783 3347 res
811 3311 894 3347 novas
913 3296 1003 3347 moiiri
1029 3297 1074 3347 sed
1099 3297 1179 3346 iniis
1200 3310 1267 3362 quae
1290 3309 1305 3345 a
1327 3295 1425 3346 sanctis
1444 3309 1516 3345 nun.

423 3365 491 3415 ciata
510 3375 572 3417 sunt
589 3368 772 3433 acquiescere.
810 3367 1014 3432 Chrysostomus
1039 3375 1126 3418 sutem
1144 3366 1268 3417 simi-liter
1286 3372 1313 3415 et
1337 3366 1396 3431 ipsc
1420 3366 1447 3416 in
1472 3365 1516 3415 di-

423 3436 509 3500 vinis,
529 3437 631 3506 inquit,
650 3438 790 3504 scripturis
810 3453 890 3488 unum
909 3441 963 3489 iota
982 3446 1028 3488 aut
1052 3452 1132 3486 unum
1163 3437 1264 3502 apicem
1290 3434 1441 3503 negligere,
1462 3449 1516 3486 non

423 3514 465 3557 est
483 3508 609 3574 impune,
640 3509 676 3560 ita
700 3517 729 3559 ut
756 3510 783 3559 in
809 3510 896 3562 omnia
923 3510 1059 3576 inquirere
1079 3507 1229 3558 debeamus.
1274 3507 1399 3558 audivisti
1418 3514 1515 3569 autem,

423 3578 536 3643 opinor,
556 3579 636 3647 paulo
655 3588 733 3631 sntca
762 3579 806 3630 hic
825 3582 904 3632 etiam
919 3595 969 3642 ea,
997 3593 1065 3646 quac
1085 3578 1229 3645 Gregorius
1248 3577 1382 3643 Nyssaeus
1400 3579 1452 3641 ait,
1470 3577 1515 3644 qui

423 3649 501 3699 dicit:
521 3652 644 3718 quonium
658 3667 715 3702 cum
733 3667 813 3701 carne
831 3650 1007 3701 circumclusa
1022 3657 1115 3700 natura
1125 3655 1214 3699 nostra
1231 3649 1391 3702 circumdata
1409 3650 1515 3700 ritmo.

424 3720 511 3770 tiones
529 3729 635 3773 nostrae
655 3724 750 3773 mentis
769 3737 822 3773 uon
841 3729 953 3788 possunt
970 3719 1111 3783 declarari,
1127 3721 1281 3771 necessario
1298 3726 1420 3788 tanqnsm
1439 3720 1516 3788 signa

332 3788 337 3804 '
423 3789 502 3842 rebus
514 3800 600 3843 certes
613 3794 748 3845 nominum
774 3795 980 3859 compositiones
1000 3794 1176 3858 imponentes,
1194 3790 1250 3841 iliis
1269 3793 1363 3843 mentis
1384 3791 1515 3841 motiones

421 3861 559 3914 nobiscum
573 3865 690 3915 invicem
709 3867 945 3915 communicamus:
966 3871 992 3914 et
1013 3861 1081 3914 hano
1094 3861 1127 3914 ob
1146 3877 1200 3912 rem
1222 3861 1268 3914 aiii
1287 3863 1328 3915 rei
1349 3876 1445 3913 nomen
1464 3862 1516 3911 im.

422 3933 545 3999 ponimus
564 3935 646 3999 coeii,
665 3934 713 3986 alii
731 3951 828 3987 nomen
849 3944 952 3986 terrac:
971 3932 1017 3984 alii
1030 3933 1118 3998 aliud,
1141 3941 1168 3984 et
1186 3933 1281 3984 reterri
1300 3933 1332 3985 ud
1351 3933 1451 4001 aliquid
1470 3939 1516 3983 aut

423 4004 532 4057 aidccrc
551 4015 597 4057 aut
614 4007 700 4071 sidci,
730 4007 901 4058 haecomnia
920 4006 1035 4072 propriis
1061 4005 1241 4074 significamus
1262 4003 1390 4057 vocibus:
1418 4018 1453 4054 ne
1471 4005 1516 4054 in·

423 4084 558 4141 comperta
579 4086 606 4128 et
624 4079 760 4145 incognita
780 4080 876 4128 mentis
899 4078 981 4128 motio
1002 4079 1029 4128 in
1048 4075 1125 4128 nobis
1142 4083 1254 4127 maneat.
1280 4075 1435 4143 pracsertim
1458 4089 1516 4125 cum

423 4149 506 4198 omnis
525 4147 660 4200 hominnm
678 4151 734 4200 vita
752 4157 846 4200 natura
864 4156 891 4199 et
911 4148 1013 4215 regulis
1027 4148 1168 4199 verborum
1188 4155 1215 4197 ct
1233 4147 1368 4199 literarum
1388 4146 1515 4212 dispone.

424 4225 465 4268 tur
484 4228 511 4270 ct
529 4220 742 4272 administretur:
761 4228 840 4288 atque
857 4226 951 4270 natura
978 4220 1082 4287 quidem
1109 4219 1167 4268 sine
1186 4219 1280 4269 ordino
1299 4225 1385 4269 estet
1404 4232 1513 4268 norma:

423 4287 468 4340 lex
486 4299 574 4342 antem
593 4291 716 4356 rhythmo
736 4299 776 4342 est
796 4291 914 4357 praedita
934 4299 960 4342 et
979 4291 1073 4342 ordino
1087 4297 1114 4339 et
1130 4304 1230 4352 norma,
1250 4290 1273 4339 si
1292 4297 1318 4340 te
1337 4289 1423 4340 recuti
1441 4289 1516 4340 sina.

424 4362 643 4419 mus‘uerborum
666 4371 693 4413 et
711 4362 846 4413 literarum
874 4362 925 4412 vim
943 4361 1045 4413 nullius
1073 4361 1198 4412 momenti
1218 4375 1293 4424 csse,
1318 4360 1406 4412 statim
1432 4361 1517 4411 simu·

424 4429 514 4502 latqua
537 4434 659 4487 obtusum
674 4442 701 4486 et
718 4448 815 4486 vanum
833 4432 1004 4502 praebuimus
1022 4433 1073 4486 hoo
1092 4440 1211 4520 ornatum
1232 4438 1259 4483 et
1275 4429 1430 4486 admirabile
1450 4444 1516 4500 opus
