4000 5392
464 593 685 662 ursromm
711 594 971 669 autunum
984 598 1110 669 mv.
1135 583 1270 671 m-t
1280 584 1320 670 8.
1402 586 1478 669 tet

378 757 571 840 ποιήμασιν,
600 758 680 842 ήτά
698 757 873 844 μετέχοντα
894 759 995 825 πάντα
1018 760 1178 844 ποιήματα
1206 761 1333 829 ἔσονται
1354 765 1479 841 πάντως

381 851 528 921 άκτιστα·
571 855 615 934 ὥς
627 857 690 945 γάρ
712 859 753 924 τά
765 861 822 923 τοῦ
843 859 941 924 αὐτοῦ
957 861 1111 925 διπλάσια
1127 859 1182 925 ἴσα
1206 861 1352 948 ἀλλήλοις
1375 863 1477 947 ἀναμ-
1490 874 1542 927 11

380 958 524 1042 φιβάλως
557 960 648 1037 ἐστί,
675 962 731 1025 καὶ
758 953 801 1023 aul
827 958 867 1023 τά
896 963 953 1024 τοῦ
974 959 1072 1025 αὐτοῦ
1092 984 1128 1046 γε
1158 960 1259 1046 ήμίση
1282 960 1337 1027 ἴσα
1359 962 1480 1045 ὅμοίως

381 1057 538 1142 ἀλλήλοις,
554 1057 649 1123 ἔπειτ’
667 1056 704 1123 ἀν
715 1060 841 1135 πάντως
855 1060 910 1125 καί
921 1057 962 1123 τά
974 1062 1031 1127 τοῦ
1047 1059 1144 1124 αὐτοῦ
1158 1060 1323 1148 ἀπειράκις
1339 1061 1480 1148 ἀπείρως

353 1155 538 1245 οὖφειμένα
554 1156 609 1222 ἴσα
628 1160 775 1243 ἀλλήλοις
798 1154 881 1224 εἶναι
898 1161 954 1226 καί
973 1158 1112 1244 ὅμάτιμα
1130 1161 1186 1227 καί
1200 1160 1342 1248 ὁμοταγῆ
1352 1163 1434 1228 κατά
1443 1186 1479 1248 γε

379 1258 415 1325 τὸ
437 1260 581 1325 ἐκτίσθαι
605 1261 660 1325 καί
681 1258 861 1346 ἀφεῖσθαι·
884 1252 929 1327 ὧν
950 1260 1012 1348 γάρ
1030 1261 1194 1348 ἀπειράκις
1218 1260 1357 1347 ἀπείρως
1380 1260 1485 1350 ὖπερς

381 1359 532 1445 εξήρηται
563 1358 582 1425 ti
613 1360 707 1440 θεάς,
735 1365 834 1428 ταῦτα
863 1361 950 1427 πάντ’
980 1362 1147 1447 ἀπειράκις
1180 1362 1320 1448 ἀπείρως
1351 1360 1480 1449 ἀφεῖται

379 1462 437 1525 τοῦ
458 1462 537 1525 θεοῦ
560 1462 615 1526 καί
632 1462 746 1545 χάραν
766 1461 909 1554 ἀπ’μσης
928 1462 997 1544 ἔχει
1024 1471 1091 1539 τοῖς
1111 1464 1263 1547 κτίσμασι
1285 1462 1342 1545 τήν
1365 1462 1475 1549 αὐτήν·

380 1560 462 1644 μετά
490 1560 551 1647 γάρ
584 1565 639 1645 τῆς
662 1562 759 1644 αὐτῆς
786 1564 959 1648 ἐπιστήμης
989 1562 1084 1630 καὶὸ
1114 1566 1214 1649 μέγας
1235 1565 1352 1651 φάσκει
1372 1566 1478 1631 Βασί-

339 1668 465 1739 totam
484 1662 525 1731 τά
546 1664 580 1728 ἐν
600 1665 646 1750 τῷ
667 1662 754 1750 αὐτῷ
773 1664 878 1751 με’τριρ
908 1671 986 1752 παρ’
1018 1663 1150 1730 ὁτουοῦν
1181 1662 1401 1750 ὖπερεχάμενα
1423 1662 1478 1731 ἴσα

383 1763 529 1848 ἀλλήλοις
551 1757 644 1828 εἶναι.

477 1863 577 1933 'Alta
596 1865 716 1929 τούτων
727 1865 787 1947 μὲν
810 1863 896 1941 tter·
939 1864 1028 1945 ἔχετε
1040 1865 1103 1951 γάρ
1116 1866 1276 1948 μαθόντες
1295 1862 1352 1949 τήν
1374 1864 1542 1933 ululari!

382 1968 423 2029 δι’
447 1963 486 2049 ἣν
506 1965 547 2030 τά
567 1960 639 2047 ἓξής
659 1968 713 2049 τῆς
733 1967 790 2029 τοῦ
814 1963 905 2051 άγίοο
927 1963 1051 2051 ῥήσεως
1071 1962 1244 2050 σεσηηκάς
1268 1960 1401 2051 ἡμιτελῆ
1424 1965 1479 2030 καί

379 2065 435 2132 τάν
456 2068 576 2131 ἐκείνου
610 2065 879 2150 συγκαταλάλοιπε
910 2066 994 2129 νοῦν.
1036 2064 1230 2147 βουλόμενος
1250 2062 1312 2149 γάρ
1335 2066 1387 2127 ἵνα
1408 2088 1477 2149 τρι-

337 2178 371 2229 15
381 2170 481 2231 πλοῦν
501 2164 583 2232 κατὰ
604 2166 756 2231 σάνθεσιν
784 2166 818 2229 ἐν
845 2168 892 2251 τῷ
916 2166 1077 2254 Θαβωρίηι
1107 2162 1286 2248 πεποιηκώς
1316 2164 1371 2229 τὸν
1394 2168 1478 2249 Χρι-

381 2267 455 2333 στάν
477 2268 679 2353 σονάναρχάν
697 2290 731 2331 τε
761 2268 818 2331 καὶ
849 2268 1014 2331 evanlicae
1036 2264 1192 2351 ἀποδείξῃ
1222 2266 1264 2351 τῇ
1285 2263 1383 2329 αὐτοῦ
1404 2266 1478 2331 θεά-

379 2393 449 2453 τητι
469 2370 525 2434 κατ’
548 2372 583 2432 τὸ
606 2368 682 2453 περὶ
703 2366 798 2432 αι’τὸν
821 2370 921 2430 ἐκεῖνο
948 2368 1118 2451 τηνικάῦτοι
1138 2365 1303 2451 γενόμενον
1326 2368 1411 2453 φοῐς,
1435 2364 1479 2443 ιάς
1539 2400 1540 2407 ¹

380 2463 462 2532 εἶναι
491 2471 539 2555 τῷ
567 2472 703 2555 Χριστῷ
732 2467 787 2532 irin
816 2468 875 2549 μὲν
910 2467 1075 2543 ἀκτίστοος
1096 2465 1402 2550 ἐκεῖθενςθεάτητας
1421 2469 1480 2532 τοῦ

380 2570 501 2646 λοιποῦ,
524 2569 579 2635 tto
604 2572 634 2633 δ’
658 2569 843 2643 ἀκολούθως
864 2568 1028 2643 ἀκτίστοος
1044 2568 1199 2651 θελήσεις,
1222 2568 1277 2632 καί
1297 2568 1405 2651 τρίτην
1421 2566 1478 2651 τήν

333 2668 634 2754 αοάνθρωπάτητα,
670 2668 765 2734 ἔπειτ’
799 2669 1036 2753 ἀπαγορεύοντα
1069 2666 1266 2750 θεασάμενος
1297 2672 1351 2733 τὸν
1389 2672 1478 2733 θεῖον

380 2770 536 2851 Μάξιμον
558 2771 592 2833 ἐν
611 2768 737 2855 calepi,
767 2764 824 2834 κάί
850 2766 905 2833 “mi
928 2766 1056 2852 θελήσει
1076 2770 1133 2833 τοῦ
1154 2767 1360 2852 πεποιηκότος
1388 2767 1478 2853 γενά-

377 2869 491 2954 μενον”
507 2871 635 2955 λέγοντα
652 2868 729 2934 “caia
753 2866 791 2936 ἀν
812 2868 863 2954 εἴη
881 2869 956 2934 ποτὲ
976 2870 1024 2955 τῷ
1045 2868 1216 2953 θελήσαντι
1239 2865 1314 2933 αὐτά
1326 2868 1479 2953 γενέσθαι

345 2976 348 2979 ’
379 2970 584 3049 σοναΐδιον,”
612 2975 711 3059 τριχῇ
737 2973 793 3039 καί
818 2973 961 3056 τετραχῇ
987 2970 1179 3053 τεμαχίσας,
1207 2967 1227 3036 ἀ
1253 2971 1312 3053 μὲν
1338 2968 1479 3056 ἐδυνήθη

380 3308 567 3377 participantia
587 3325 669 3378 opera
696 3318 773 3363 crunt
801 3311 907 3362 omnino
931 3310 1059 3362 increata.
1097 3309 1195 3360 etenim
1221 3308 1340 3359 ciuarlem
1360 3304 1478 3375 tluplicla

379 3380 449 3434 inter
469 3397 499 3432 ae
518 3383 626 3433 omnino
647 3382 721 3449 paria
744 3389 805 3434 aaut
824 3390 852 3433 ct
876 3382 993 3434 eiusdem
1012 3378 1119 3432 dimidia
1146 3377 1270 3431 aimiliter
1288 3379 1357 3429 inter
1375 3394 1406 3429 ae
1426 3393 1478 3445 pa.

379 3452 428 3512 ria,
452 3452 530 3503 etiem
551 3454 658 3505 omnino
678 3454 795 3504 eiuadem
815 3454 842 3504 in
861 3453 990 3505 inlinitum
1011 3450 1132 3503 aubiecta
1150 3450 1261 3501 interae
1279 3451 1352 3515 paria
1370 3457 1432 3501 tunt
1451 3456 1479 3503 et

380 3522 497 3573 ciuadem
518 3525 598 3590 pretii
618 3532 645 3577 et
663 3524 779 3588 ordinia,
799 3523 920 3592 quodni
939 3522 1101 3575 creationem
1132 3528 1159 3571 et
1177 3520 1370 3572 aubicctiouem
1391 3521 1478 3586 perti.

378 3601 434 3656 net,
454 3607 514 3644 nam
534 3609 614 3661 aupra
634 3597 700 3646 ποτε
719 3596 746 3646 in
773 3595 902 3647 infinitum
922 3593 1009 3645 elatua
1028 3599 1069 3643 eat
1086 3588 1167 3655 detta,
1193 3590 1259 3643 haec
1280 3591 1367 3643 omnia
1386 3592 1413 3645 in
1433 3593 1478 3643 ln-

378 3662 479 3715 llnitum
499 3666 628 3718 iuferiora
655 3668 706 3717 deo
733 3675 794 3717 aunt
823 3674 850 3717 et
877 3664 965 3716 locum
998 3663 1109 3715 cundem
1140 3678 1198 3713 cum
1221 3662 1350 3713 creaturia
1369 3660 1476 3713 habent.

380 3735 471 3785 cadem
490 3739 595 3788 ratione
613 3753 723 3805 magnua
742 3736 857 3789 Basilius
887 3751 955 3803 quae
976 3750 1035 3787 cum
1056 3734 1147 3785 eadem
1169 3748 1292 3785 menanra
1310 3732 1337 3783 in
1354 3748 1477 3802 quacun.

380 3820 431 3873 que
450 3821 480 3858 re
499 3808 630 3872 evadunt,
650 3811 719 3859 iuter
746 3824 807 3860 aeae
835 3809 909 3874 paria
937 3822 996 3858 eaac
1017 3806 1091 3858 dicit.

477 3900 530 3953 Sed
555 3904 587 3954 de
612 3903 654 3954 hia
686 3905 737 3955 iam
763 3904 835 3955 antia.
878 3902 989 3954 audistin
1015 3902 1084 3953 euim
1112 3915 1237 3964 caurum,
1262 3914 1310 3953 cut
1337 3904 1478 3969 aequantia

377 3971 596 4025 aneriaermonia
629 3973 737 4026 aileutin
767 3976 977 4041 praetermiserit
1007 3971 1114 4025 rltmidia
1148 3979 1175 4023 et
1207 3970 1281 4023 illiua
1318 3974 1477 4025 aentcntiam

377 4040 458 4109 plane
484 4044 635 4111 reliquerit.
679 4045 767 4097 voluit
791 4047 861 4097 enim
888 4044 1021 4099 christum
1046 4044 1073 4093 in
1101 4042 1205 4094 Thabor
1227 4040 1368 4108 triplicem.
1385 4044 1477 4097 reddi.

377 4120 431 4164 tum
463 4120 490 4164 et
511 4115 685 4181 principalem
719 4125 746 4168 ct
769 4124 906 4168 aeteruum
931 4116 1076 4167 catendcrc
1102 4128 1151 4180 per
1177 4114 1234 4165 cina
1269 4113 1414 4179 deitatem,
1450 4121 1478 4167 et

376 4184 448 4252 qutld
474 4188 569 4237 attinet
595 4184 681 4237 lucem
704 4186 777 4238 illam
801 4196 855 4238 tum
881 4189 953 4238 circa
983 4200 1043 4237 cum
1069 4185 1180 4247 iactam,
1206 4184 1312 4238 Chriato
1332 4200 1393 4236 caae
1412 4186 1477 4238 duaa

376 4256 509 4308 increataa
534 4257 669 4321 deitatea,
690 4258 755 4310 duaa
773 4272 852 4324 porro
874 4259 1006 4308 increataa
1035 4256 1202 4318 voluntatem
1228 4256 1332 4306 tertiam
1354 4256 1476 4308 humant.

375 4333 466 4384 tatem.
513 4328 577 4379 dein
606 4327 652 4380 ubi
679 4328 797 4380 diuinum
822 4328 961 4381 llaaimum
988 4328 1056 4379 uidit
1077 4328 1209 4379 dicentem
1231 4326 1369 4378 voluntate
1395 4341 1475 4379 crea.

375 4398 443 4449 teria
475 4398 571 4450 tactam
594 4413 670 4463 eane,
698 4414 752 4451 nnn
776 4414 856 4465 pcaaa
884 4414 1000 4467 nuquam
1034 4398 1140 4450 volenti
1167 4413 1223 4448 eam
1256 4398 1315 4450 llcri
1351 4406 1476 4450 coaeter.

375 4483 436 4523 ιιιιι
459 4468 605 4538 tripliciter
628 4478 658 4522 tt
675 4470 880 4539 quatruplieiter
903 4470 997 4523 diriait
1021 4478 1050 4523 et
1075 4484 1151 4538 quam
1169 4477 1270 4537 partem
1288 4468 1365 4523 lalaia
1391 4484 1475 4541 arga.
