4000 5392
490 618 561 697 540
791 636 1014 740 utmnout
1046 632 1275 703 Gueoouau
1300 668 1304 673 ·

486 800 521 865 δέ
541 823 589 877 τις
608 797 764 884 διαποριά
786 804 852 875 τοῖς
874 806 931 879 [τε]
956 796 1106 881 άκηκοόσι
1128 801 1196 873 πῶς
1218 791 1319 861 τάλλα
1341 800 1405 863 τῶν
1422 798 1590 884 ἐγκλημά-

483 924 547 967 των
569 899 692 965 ἅπαντα
714 901 747 964 ἐν
780 898 917 985 δευτέρῳ
941 896 1076 981 θέμενος
1105 896 1197 984 λόγῳ,
1218 902 1265 985 τῷ
1286 904 1340 984 τῆς
1362 902 1592 985 Μασαλιανῆς

486 998 640 1085 αἱρέσεως
672 1000 957 1085 ε’μπεφιλοχιάρηκε
985 996 1126 1081 μάλιστα
1153 998 1208 1063 καί
1237 1000 1312 1085 περὶ
1343 1006 1496 1066 πλείστου
1528 1024 1588 1064 πε-

485 1104 605 1185 ποίηκε.
648 1099 703 1164 καί
726 1094 816 1164 άλλοι
845 1102 904 1183 μὲν
927 1094 1025 1176 ἄλλα,
1057 1098 1183 1164 πάντων
1210 1103 1238 1165 δ’
1260 1101 1305 1175 εἰς
1326 1104 1383 1166 ἕνα
1409 1099 1533 1165 σκοπόν
1550 1098 1588 1166 τό

488 1200 590 1285 πέρας
611 1197 802 1286 ἤθροιζενῆ
836 1200 1012 1286 συμφιονιά
1039 1195 1088 1264 ότι
1122 1200 1260 1264 παλαιὸν
1291 1200 1379 1288 αὐτῷ
1398 1201 1526 1286 νόσημα
1549 1198 1614 1270 irs

483 1302 599 1379 rovroi',
623 1301 678 1366 καί
702 1302 855 1377 πολλάκις
887 1301 984 1364 αάιοῦ
1015 1302 1232 1385 κατηγορηδὲν
1258 1301 1314 1366 καί
1344 1302 1434 1386 παρὰ
1455 1305 1586 1366 πολλῶν

457 1466 463 1479 ,Ἴ
487 1400 670 1487 ἀλλοτρίων,
691 1405 747 1465 νῦν
768 1398 910 1488 ἄφυκτον
932 1401 1008 1482 ἔσχε
1028 1399 1083 1484 τὴν
1114 1403 1247 1484 δίναμιν
1271 1400 1290 1487 ἦ
1312 1404 1511 1487 κατηγορία,
1535 1401 1586 1468 ότι

485 1502 519 1567 ἐκ
539 1505 602 1566 τοῖν
624 1501 715 1567 ἔνδον
736 1503 792 1568 καί
810 1506 873 1567 τῶν
903 1504 1028 1567 οἰκείων
1060 1503 1115 1567 καί
1126 1548 1133 1555 ·
1147 1503 1204 1589 ἀφ’
1226 1497 1332 1578 ἑστίας
1354 1500 1371 1567 δ
1391 1506 1448 1586 τῆς
1467 1506 1586 1580 κακίας

484 1601 673 1684 ἐξελήλυθεν
706 1602 852 1688 ἔλεγχος,
888 1600 930 1678 ὥς
965 1600 983 1665 ό
1014 1606 1077 1667 τῶν
1106 1602 1288 1667 ἐπισκόπων
1308 1604 1535 1688 μεμαρτύρηκὲ
1549 1626 1585 1668 τε

417 1701 540 1766 ’luat'
569 1703 818 1786 διεβεβαιολσστο
850 1706 940 1790 λόγος
974 1707 1022 1791 τῷ
1052 1708 1194 1787 βασιλεῖ·
1249 1704 1375 1790 ἔφασαν
1403 1701 1467 1788 γάρ
1486 1705 1530 1768 τά
1548 1713 1629 1768 retii

487 1796 566 1865 άλλα
589 1802 674 1869 κατά
689 1808 745 1869 τοῦ
765 1807 967 1890 πατριάρχου
991 1803 1020 1869 οἱ
1039 1805 1097 1868 τοί·
1113 1805 1335 1889 πατριάρχου,
1365 1804 1420 1869 καί
1441 1801 1485 1880 ὥς
1506 1802 1525 1869 ό
1545 1794 1604 1869 τό

483 1902 655 1987 μοναδικόν
682 1909 899 1991 περικείμενος
929 1908 1060 1990 σχῆμα,
1099 1906 1259 1988 Σκοριιίος
1286 1904 1513 1987 τοδπιόνομον,
1546 1897 1584 1969 οὗ

357 2002 472 2059 mill·
484 2002 580 2079 πολὺς
604 2005 756 2082 πολλάκις
776 2006 883 2091 γέγονε
905 2006 996 2090 λόγος
1017 2013 1082 2081 τοῖς
1102 2029 1136 2070 τε
1159 2000 1266 2081 ἄλλοις
1280 2006 1336 2071 καί
1354 2007 1495 2088 μάλιστα
1516 2013 1584 2082 τοῖς

483 2105 516 2169 ἐν
530 2100 622 2192 Ἀθιγ
644 2107 691 2191 τῷ
713 2102 782 2192 όρει
802 2104 858 2191 τη“ν
881 2104 1014 2191 ἄσκησιν
1047 2106 1249 2183 διανόουσιν,
1268 2106 1323 2183 καί
1344 2098 1382 2169 οὗ
1400 2106 1499 2190 χάριν
1525 2106 1582 2171 δόο

426 2252 427 2255 ¹
482 2206 538 2269 καί
557 2213 642 2291 τρεῖς
665 2229 726 2271 που
757 2208 976 2292 τομσγραφίαι
1004 2196 1060 2272 καί
1087 2204 1245 2291 ὕπαιθροι
1278 2208 1462 2292 κατηγορίαι
1501 2214 1581 2294 παρ’
1593 2218 1628 2271 15

483 2306 611 2371 ἐκείνων
646 2308 679 2371 ἐν
704 2296 1040 2373 Κιονσταντινουπάλει
1075 2309 1122 2394 rigi
1149 2330 1183 2371 τε
1215 2307 1399 2393 πατριάρχης
1433 2309 1489 2372 καί
1514 2317 1583 2386 τοῖς

483 2406 668 2483 ἐπισκόποις
688 2406 911 2493 ἐπέμφθησαν,
932 2408 1114 2492 μηνόουσαι
1143 2407 1290 2494 φρικιόδη
1313 2431 1346 2471 τε
1369 2408 1425 2472 καί
1446 2414 1583 2475 πλεῖστα

482 2506 617 2594 μυσαρά
651 2508 706 2573 καί
726 2507 771 2592 μὴ
799 2508 897 2590 μόνον
925 2512 1122 2593 χριστιανῶν
1158 2508 1268 2584 άνοαῖς
1298 2506 1500 2594 ἀποτρόπαια
1526 2511 1585 2574 καί

460 2608 556 2671 Ιλιάν
579 2608 709 2693 φευκτά,
737 2606 818 2671 άλλά
840 2610 895 2673 καί
915 2614 980 2683 τοῖς
998 2610 1175 2693 βαρβάρων
1206 2606 1398 2684 άδεωτάτοις
1418 2608 1583 2690 κατάπτυ-

415 2722 551 2775 υστα.
594 2698 683 2783 οὗτος
708 2701 784 2785 οὖν,
808 2710 917 2794 φασίν,
942 2704 1030 2771 όπότ’
1053 2709 1087 2772 ἐκ
1115 2708 1314 2791 Τριβαλλῶν,
1343 2709 1398 2771 κατ’
1419 2705 1497 2772 ὅθεν
1521 2704 1626 2782 ‹it-m

482 2808 577 2869 λοθεν
593 2803 650 2882 τὰς
672 2806 808 2890 άδὴλους
833 2813 972 2881 ποιεῖται
990 2807 1124 2891 χρονίας
1145 2808 1322 2889 διατριβάς,
1345 2807 1517 2891 ἕπιδημοιή
1538 2811 1583 2894 τῇ

484 2900 938 2992 1(ωνσταντιν”ουπόλει,μόνιγ
962 2906 1134 2991 Καλλίστῳ
1164 2902 1333 2991 όμόστεγός
1360 2930 1394 2971 τε
1423 2907 1479 2971 καί
1501 2905 1582 2989 δμο-

484 3006 604 3081 δίαιτος
623 3006 743 3091 γίνεται
762 3008 810 3093 τῷ
831 3007 1033 3092 πατριάρχη,
1065 3005 1121 3071 καί
1153 3004 1362 3091 μυσταγωγός
1383 3005 1439 3072 καί
1458 3008 1584 3091 μύστης

482 3351 561 3405 quum
579 3335 701 3389 audirent
722 3333 773 3401 illi,
794 3350 853 3387 enm
873 3342 968 3389 cuncta
989 3336 1043 3390 alia
1061 3336 1171 3390 crimina
1191 3352 1245 3390 non
1264 3344 1305 3390 sat
1323 3335 1412 3405 napi
1424 3335 1583 3388 antimum
1639 3368 1653 3393 a

483 3415 510 3459 et
531 3404 575 3458 vel
596 3406 736 3475 plurimum
763 3406 924 3461 blasalianae
945 3407 1065 3461 haeresis
1093 3409 1196 3461 crimini
1218 3407 1345 3461 tribuisse
1372 3407 1452 3475 idque
1471 3404 1581 3472 plurimi

482 3477 616 3529 habuisse.
659 3479 748 3546 itaque
778 3476 846 3529 alios
864 3478 933 3543 alia,
965 3494 1057 3531 omnes
1087 3494 1152 3532 vero
1177 3496 1229 3532 una
1255 3481 1283 3531 in
1308 3479 1358 3530 bae
1383 3492 1413 3528 re
1433 3490 1582 3529 consensus

481 3564 558 3601 unam
577 3550 604 3601 in
625 3557 739 3602 mentem
760 3550 917 3614 coniunxit„
937 3550 1061 3603 haeresin
1087 3550 1160 3602 illam
1179 3552 1230 3602 iam
1260 3550 1305 3601 din
1324 3551 1502 3601 inveteratum
1523 3538 1582 3600 eiub

480 3618 599 3672 morbum
620 3634 689 3685 esse,
710 3627 737 3670 et
757 3621 807 3670 iam
826 3636 907 3687 saepe
928 3622 953 3671 ei
978 3622 1081 3673 crimini
1101 3621 1188 3673 datum
1207 3620 1272 3687 ipsis
1291 3619 1323 3671 ab
1344 3618 1488 3670 extraneis.
1509 3635 1581 3687 qua.

481 3697 591 3758 propter
611 3698 673 3741 tuno
690 3690 863 3743 firmissimam
883 3706 988 3743 causam
1007 3691 1130 3759 praebuit
1156 3692 1331 3753 accusationi,
1355 3705 1434 3758 quum
1455 3688 1488 3741 ab
1507 3691 1582 3742 indi.

480 3762 558 3828 genis
578 3768 604 3811 ct
622 3762 775 3812 domesticis
799 3770 825 3813 et
845 3761 1019 3814 familiaribus
1038 3764 1182 3829 impietatis
1201 3760 1371 3829 opprobrium
1391 3760 1488 3812 iactum
1508 3770 1582 3814 essct

481 3832 625 3901 secundum
644 3833 796 3884 testimonia
816 3841 842 3884 ct
861 3842 1025 3902 argumenta,
1044 3849 1113 3901 quae
1133 3835 1191 3903 regi
1211 3832 1243 3884 ab
1262 3833 1396 3899 episcopis
1415 3832 1474 3883 slata
1493 3842 1580 3885 crant.

475 3903 650 3971 ‚protulerunt
669 3904 738 3955 enim
760 3903 785 3953 hi
807 3904 951 3957 interulis
972 3906 999 3956 in
1019 3906 1136 3971 ipsorum
1160 3904 1347 3973 patriarcham,
1367 3903 1499 3954 addictum
1520 3920 1582 3956 esse

481 3990 539 4025 eum
559 3973 696 4025 solitariae
715 3976 901 4027 consuetudini
920 3975 1086 4042 Scorpionis,
1113 3976 1146 4027 de
1165 3992 1217 4045 quo
1235 3976 1317 4028 multa
1338 3976 1388 4026 iam
1408 3976 1516 4041 saepius
1536 3976 1580 4027 di.

480 4044 590 4113 vulgata
610 4044 722 4096 suntab
743 4044 804 4097 eliis
824 4055 851 4098 et
868 4048 988 4113 inprimis
1007 4047 1039 4097 ab
1068 4048 1102 4097 iis
1122 4048 1167 4115 qui
1187 4050 1213 4099 in
1232 4048 1303 4100 Atho
1323 4053 1413 4097 monte
1431 4046 1581 4098 solitariam

481 4116 560 4168 vitam
581 4116 690 4183 degunt,
710 4123 738 4167 et
755 4125 863 4184 propter
882 4133 959 4185 quem
978 4118 1030 4170 dno
1047 4116 1091 4170 sel
1109 4126 1164 4170 tres
1183 4117 1245 4171 libri
1265 4126 1300 4188 'i‘
1320 4116 1444 4185 publicae
1464 4133 1581 4170 accusa.

481 4188 568 4240 tiones
597 4187 630 4238 ab
665 4188 698 4239 iit
726 4188 1025 4256 Constantinopolitano
1056 4190 1223 4256 patriarchae
1262 4197 1289 4240 et
1314 4189 1449 4257 episcopis
1481 4190 1581 4241 missae

480 4265 569 4323 erent,
597 4258 763 4313 declarantes
789 4258 928 4311 horribilia
957 4267 984 4311 et
1001 4260 1117 4312 nefanda
1133 4259 1237 4312 scelera
1264 4274 1318 4311 non
1338 4260 1425 4311 solum
1445 4260 1579 4314 christia.

376 4342 379 4361 ι
478 4343 571 4380 norum
590 4328 698 4381 auribus
717 4330 810 4382 odiosa
829 4338 855 4381 et
874 4330 952 4384 valde
971 4329 1146 4394 abominanda
1164 4332 1211 4383 sed
1229 4332 1308 4383 etiam
1323 4330 1442 4383 barbaris
1460 4330 1578 4398 religio.

479 4401 520 4451 nie
540 4402 624 4451 omnia
643 4401 743 4468 ignaris
769 4402 864 4453 invisa.
909 4403 932 4452 is
955 4402 1034 4466 enim,
1053 4403 1191 4471 inquiunt.
1222 4402 1326 4471 quando
1355 4400 1513 4454 el'riballis
1534 4402 1579 4453 vel

412 4510 413 4513 ,
480 4471 588 4523 aliunde
608 4469 653 4522 ubi
671 4469 791 4523 occultas
817 4487 864 4540 pro
890 4479 1011 4539 tempore
1031 4472 1209 4525 habitationes
1228 4473 1366 4537 habuerit,
1386 4473 1580 4527 Constantino.

479 4540 562 4609 polin
581 4555 610 4593 se
629 4541 759 4607 conlcaat,
781 4542 864 4598 solius
883 4543 989 4601 Callisti
1008 4544 1175 4612 patriarchae
1196 4544 1394 4599 contubernalis
1419 4551 1446 4596 et
1464 4544 1579 4599 convic-
