4000 5392
493 611 539 683 ιο
788 613 1012 681 νιοινιισιιι
1044 612 1274 706 σατσοαεε

490 783 553 845 νῶν
574 779 695 846 Λίνδον
716 773 875 862 Ἰηλυσσὸν
892 798 925 839 τε
948 773 1005 839 ιιαί
1024 769 1203 859 ἀργινόεντα
1227 770 1406 860 Κάμειρον,
1430 765 1476 840 οἷν
1495 774 1514 859 ἢ
1531 776 1590 839 rod

491 881 728 972 Μελησιγενοδς
748 871 886 962 Ὀμήρου
902 880 1063 962 μέμνηται
1079 871 1256 962 Καλλιόπη.
1278 877 1441 960 πρόσοικοι
1461 879 1489 942 δ’
1505 869 1589 961 ἦσαν

490 985 530 1069 τῇ
549 979 643 1070 νήσῳ,
667 979 699 1044 τὰ
719 985 861 1044 πλεῖστον
875 979 982 1061 εἰπεῖν,
1002 977 1165 1062 ὄμόφυλοί
1176 1001 1208 1043 τε
1231 977 1306 1062 ἡμῖν
1327 975 1461 1071 κοίτην
1482 984 1588 1042 πίστιν

490 1075 678 1166 α’ρθόδοξοι,
701 1083 765 1145 ’καί
794 1077 892 1166 ταύτῃ
915 1075 953 1164 δη
989 1080 1025 1167 τῇ
1054 1081 1127 1143 καθ’
1162 1080 1242 1162 ἡμᾶς
1267 1077 1393 1145 Ἐλλάδι
1427 1075 1588 1163 χρώμενοι

490 1183 600 1269 φωνῇ·
642 1183 753 1257 παῖδες
774 1181 836 1264 γοίρ
860 1184 923 1246 τίσι
944 1182 1007 1245 τοῖν
1032 1180 1071 1244 ου1
1092 1178 1173 1245 πάνυ
1204 1178 1264 1263 πρὸ
1287 1179 1411 1263 μακροῦ
1432 1176 1616 1260 reflante-5

488 1305 551 1347 των
573 1282 699 1346 ἐκείνων
717 1282 868 1364 α’νδρῶν,
903 1281 938 1345 οδ
963 1287 1097 1346 πλείστα
1118 1281 1176 1360 μὲν
1201 1279 1411 1362 η’γωνίσαντο,
1435 1281 1589 1353 Λατίνοις

488 1381 665 1464 μαχόμενοι
687 1378 837 1464 τριήρεσί
851 1403 884 1445 τε
902 1380 957 1445 καί
978 1375 1083 1455 ὅπλοις
1104 1378 1300 1461 παμπόλλοις
1322 1376 1382 1463 ’την
1405 1377 1520 1465 ἔφοδον
1540 1379 1588 1442 ἐπ’

368 1482 388 1538 f.
405 1483 440 1540 ot
452 1485 478 1540 b.
489 1480 607 1556 αὐτοὺς
628 1474 838 1561 ποιουμένοις,
861 1484 885 1521 ”
899 1481 1083 1566 ἡττήθησαν
1098 1483 1133 1545 δὲ
1154 1483 1195 1544 δι’
1207 1477 1375 1565 ὀλιγότητα
1390 1483 1446 1565 καί
1466 1475 1590 1556 duero-

487 1604 588 1665 γησαν
611 1573 756 1666 ,ἄκοντες
805 1571 851 1645 ὧν
878 1577 953 1645 ἔνιοι
986 1583 1045 1645 ιιιίν
1076 1583 1172 1664 γηραι
1207 1583 1303 1659 ζῶσιν
1324 1576 1370 1643 ἔτι
1386 1583 1507 1663 βαθεῖ,
1532 1582 1588 1664 τῆς

488 1685 563 1765 πρίν
582 1704 614 1746 το
638 1679 919 1761 εδδαιμονιλιςριέί
939 1674 1222 1767 μεμνημένοι,ἰιαι“
1242 1679 1382 1765 διήγημα
1405 1683 1506 1745 ταῦτα
1522 1687 1588 1755 τοῖς
1599 1682 1634 1735 10

445 1795 447 1802 ‘
487 1785 641 1866 παριοῦσι
662 1781 724 1844 τῶν
750 1783 845 1860 ξένων
872 1778 932 1866 ἡδὺ
961 1785 1185 1867 προτιθέντες,
1207 1784 1241 1847 οἳ
1261 1783 1315 1846 καί
1336 1783 1507 1863 δυστυχεῖν
1528 1784 1589 1862 μέν

489 1907 555 1959 παις
579 1878 685 1964 ἔλεγον
707 1873 755 1946 ὅτι
774 1881 869 1964 ζυγὸν
892 1871 1078 1969 δλεδθερίας
1111 1883 1285 1967 ἠλλάξαντο
1307 1881 1469 1966 δούλειον,
1490 1881 1587 1946 etfro-

487 1991 558 2066 χεῖν
578 1985 607 2045 δ’
624 1974 740 2064 ἄλλως,
767 1987 924 2064 πολεμίων
943 1985 1003 2065 μὲν
1026 1977 1138 2067 ἥκιστα
1160 1982 1281 2062 ἔξωθεν
1296 1986 1437 2065 ἐνοχλεῖν
1455 1979 1500 2066 μὴ
1526 1984 1587 2047 δυ-

488 2086 631 2164 ναμένων
661 2081 718 2166 την
739 2086 833 2168 νῆσον
854 2080 921 2168 ἔτι,
952 2079 1008 2149 ὅτε
1041 2089 1103 2149 τῶν
1132 2090 1186 2169 τῆς
1209 2080 1306 2167 νήσου
1334 2083 1531 2167 κρατούντων
1552 2087 1587 2149 ἐν

489 2177 597 2259 ὅπλοις
629 2186 685 2269 ζῆν
707 2181 884 2266 εἰωθότων,
905 2189 961 2250 καί
989 2180 1048 2250 ὅσα
1071 2189 1117 2262 εἷς
1137 2185 1273 2266 πόλεμον
1302 2183 1455 2270 ἐπεφύκει
1477 2186 1632 2269 turra-1⁵

489 2283 641 2368 δείματα,
665 2285 719 2350 καὶ
740 2281 808 2366 ἅμα
829 2288 979 2368 ου’νομίας
1008 2292 1040 2352 ἐν
1063 2290 1194 2370 είγοραΐς
1224 2285 1279 2349 καί
1305 2287 1408 2360 δίναις
1429 2287 1586 2350 ε’πιπολα-

490 2390 604 2472 ζουσης
625 2389 664 2475 τῇ
685 2384 778 2476 ιη’σρι,
802 2391 982 2465 πλεονεξίας
1005 2387 1145 2471 οίποιίσης
1165 2387 1207 2462 ὥς
1230 2384 1267 2451 τὰ
1290 2385 1408 2466 πολλοί,
1429 2385 1587 2469 καίπρδς

489 2488 612 2566 τούτοις
635 2482 674 2553 ου’
696 2487 834 2572 ἑχόντων
855 2485 995 2574 κράσεως
1016 2488 1120 2572 α’ίρων
1139 2487 1303 2569 λαχόντων
1333 2485 1390 2572 την
1411 2490 1516 2569 νῆσον,
1541 2484 1586 2555 ἔτι

490 2614 524 2653 τε
554 2591 689 2671 λιμίνων
716 2589 771 2653 καί
800 2597 939 2673 νεωρίων
967 2592 1128 2674 παγκάλην
1153 2585 1292 2671 ἐχόντων
1325 2587 1381 2672 τὴν
1403 2592 1512 2667 θέσιν,
1533 2589 1589 2650 ναί

491 2687 609 2766 πάντας
633 2689 711 2773 μετὰ
734 2689 895 2776 ῥυσταίνης
916 2689 1160 2771 ὑποδεχομένων
1174 2686 1250 2764 τούς
1264 2685 1455 2773 δθενδηποτε
1475 2689 1633 2772 χρείαςνο

490 2791 662 2873 ίμπορικῆς
692 2789 899 2872 καταίροντας
921 2788 1034 2869 ἕνεκα,
1067 2787 1110 2865 ὠς
1136 2789 1283 2872 γίνεσθαι
1317 2789 1371 2854 διὸ
1405 2793 1508 2853 ταῦτα
1531 2786 1588 2871 την

490 2891 550 2954 τοῖν
573 2892 673 2954 ω’νίων
702 2891 812 2975 χρείαν
844 2891 1075 2976 τίφθονωτδραν
1107 2891 1270 2965 πλουσίοις
1293 2889 1348 2954 καί
1368 2892 1500 2974 πένησι,
1534 2888 1590 2953 καί

488 2993 558 3072 βίον
581 2982 913 3092 ιίταλαίπωρονκδγειν
933 2986 1008 3065 τοδς
1032 2992 1276 3075 προσοικοῦντας
1304 2993 1458 3055 ε’ντεῦθεν.
1503 2992 1533 3054 εί
1551 2992 1588 3054 δὲ

491 3248 518 3298 in
537 3259 589 3315 quo
611 3259 721 3297 numero
744 3259 804 3298 esse
827 3261 860 3298 ex
873 3246 979 3299 indiciis
997 3245 1152 3314 quibusdam
1172 3246 1327 3313 suspicabar
1345 3245 1456 3298 Lindum
1472 3243 1588 3311 lalysutn

491 3325 519 3369 et
539 3315 702 3384 splendidam
725 3317 871 3380 Caruirum,
891 3333 999 3386 quietum
1028 3317 1130 3368 urbium
1150 3317 1257 3368 Homeri
1276 3317 1449 3387 llelesigenis
1470 3317 1589 3367 meminit

491 3387 623 3454 Calliope.
650 3386 756 3439 incolae
775 3389 879 3440 insulae
903 3397 978 3440 crant
998 3389 1111 3440 maxima
1132 3404 1165 3438 ex
1183 3395 1258 3454 parte
1280 3389 1365 3439 nostri
1385 3388 1529 3454 populares
1545 3395 1588 3437 at.

490 3476 543 3529 que
566 3459 730 3513 orthodoxae
751 3459 822 3524 fidei,
844 3469 988 3528 nostraque
1010 3459 1229 3511 utanturGraeco
1250 3459 1351 3527 lingua.
1389 3458 1590 3512 flliieuirusunt

491 3532 608 3584 virorum
631 3531 748 3596 illorum,
761 3533 805 3600 qui
828 3531 924 3584 abhinc
942 3546 995 3582 nou
1017 3531 1145 3598 italongo
1163 3538 1284 3596 tempore
1296 3531 1434 3594 interiere,
1457 3539 1588 3598 etquasn-

491 3618 567 3671 quarn
590 3602 702 3669 plurima
724 3605 867 3655 certamina
889 3603 1016 3656 serebant
1039 3617 1097 3652 curn
1122 3601 1232 3665 Latinis,
1253 3603 1297 3671 qui
1319 3603 1470 3655 triremibus
1491 3604 1588 3654 armis.

490 3689 542 3741 que
560 3672 649 3725 multis
673 3691 719 3726 eos
737 3675 944 3739 adoriebantur,
973 3675 1007 3726 ob
1029 3675 1190 3741 paucitatem
1211 3680 1298 3725 tamen
1320 3673 1462 3724 inferiores
1484 3673 1588 3726 disces.

489 3759 550 3794 sere
571 3752 597 3795 et
619 3761 679 3795 sese
697 3746 775 3796 inviti
794 3747 943 3796 subiecere.
989 3761 1079 3797 corum
1100 3744 1223 3796 nonnulli
1243 3745 1420 3812 praegrandes
1448 3753 1511 3796 natu
1539 3745 1588 3796 ad.

490 3814 541 3864 lsue
564 3815 590 3864 in
610 3815 679 3866 vivis
694 3822 763 3879 sunt,
780 3818 909 3882 pristinae
924 3816 1062 3868 felicitatis
1083 3831 1215 3884 nunquam
1233 3831 1286 3867 non
1304 3831 1445 3878 memores,
1463 3825 1489 3867 et
1507 3831 1589 3882 pere-

407 3933 409 3942 s
490 3885 591 3953 grinis,
614 3886 659 3953 qui
681 3885 747 3937 illue
771 3893 909 3939 transeunt
930 3890 1050 3939 suaviter
1072 3888 1138 3939 haec
1161 3895 1298 3950 enarrant;
1328 3886 1356 3937 lsi
1377 3886 1501 3940 dicebant
1528 3902 1589 3939 sese

491 3956 596 4025 quidem
619 3957 742 4008 infelices
764 3973 844 4021 esse,
869 3959 938 4027 quod
960 3959 1051 4026 iugum
1073 3960 1211 4010 servitutis
1240 3974 1297 4010 euin
1322 3959 1446 4012 libertate
1468 3974 1589 4010 commu.

491 4035 601 4090 teuent,
620 4035 734 4079 attamen
757 4027 876 4095 alioquin
889 4028 956 4080 bona
974 4030 1080 4081 fortuna
1097 4031 1146 4094 uti,
1169 4030 1239 4097 quod
1261 4032 1364 4081 externi
1386 4029 1487 4095 hostes,
1509 4046 1589 4097 quum

489 4100 595 4151 insulae
613 4099 711 4151 domini
732 4099 759 4150 in
780 4100 859 4151 armis
880 4100 1043 4169 studiisque,
1065 4115 1134 4167 quae
1155 4101 1187 4151 od
1210 4100 1311 4151 bellurn
1328 4102 1472 4168 pertinent,
1492 4103 1589 4154 vivere

433 4197 437 4214 -
490 4172 589 4222 assueti
609 4178 712 4234 essent,
734 4185 788 4223 non
810 4170 921 4236 amplius
943 4172 1070 4222 infestare
1092 4170 1205 4221 insulam
1223 4180 1341 4238 possent,
1364 4181 1391 4224 et
1411 4173 1481 4240 quod
1501 4172 1590 4223 bonae

489 4241 566 4309 leges
586 4243 614 4292 in
637 4242 702 4293 forie
724 4243 882 4310 iudiciisque
897 4240 999 4294 insulae
1019 4251 1200 4305 versarentur,
1211 4244 1324 4294 avaritia
1341 4251 1429 4294 autern
1440 4243 1589 4295 fereabcs.

489 4319 539 4363 sut.
577 4313 628 4364 ltue
649 4314 777 4365 accedere
803 4314 874 4382 quod
893 4314 980 4366 sortiti
1009 4320 1100 4363 essent
1122 4313 1252 4377 insulam,
1280 4329 1347 4382 quac
1369 4315 1499 4382 gauderet
1518 4315 1589 4366 bona

489 4382 561 4433 coeli
579 4387 709 4450 temperie
727 4391 753 4434 et
774 4393 897 4452 portuum
919 4400 950 4435 ac
968 4382 1102 4436 navalium
1124 4382 1289 4450 praeclarum
1307 4385 1418 4438 haberet
1439 4386 1533 4449 situm,
1555 4394 1584 4436 ut

494 4466 586 4504 omncs
609 4455 688 4505 facile
711 4456 834 4522 accipere
853 4465 963 4522 possent
983 4457 1028 4524 qui
1041 4463 1212 4516 „mercaturae
1236 4456 1373 4508 faciendae
1395 4472 1474 4508 causa
1501 4458 1588 4509 unde.

493 4539 600 4594 cunque
620 4526 785 4579 advenirent.
819 4527 879 4580 inde
898 4527 956 4581 lieri
983 4536 1012 4578 ut
1032 4543 1118 4580 rerum
1145 4527 1279 4582 venalium
1304 4528 1416 4583 facultas
1438 4528 1539 4602 largior
1562 4537 1589 4585 et
