4000 5392
772 1513 1245 1631 nnnnnnuno.
1352 1461 1356 1468 ’

908 1755 1107 1772 ι-ι-ψ-

550 1915 668 2025 Quae
701 1955 794 2009 nunc
817 1931 969 2033 ‘primunr
1010 1959 1059 2010 ex
1086 1935 1375 2014 bibliothecarum
1410 1937 1556 2016 latebris

361 2113 363 2116 ’
434 2095 585 2196 prodit,
613 2095 732 2191 operis
746 2091 960 2190 Nicephorei
978 2117 1060 2192 pars
1084 2083 1257 2192 postrema
1281 2100 1368 2174 satis
1392 2095 1453 2172 diu
1477 2117 1557 2171 ma-

442 2277 537 2330 nnnn
564 2255 740 2352 quaesivit
763 2251 1055 2350 liberalemque
1082 2253 1125 2326 ah
1148 2254 1329 2328 oblivione
1349 2255 1558 2330 vindicare-

449 2425 525 2488 tur.
576 2412 787 2509 promiserat
812 2431 888 2482 cour
912 2411 1259 2504 mannanoivinus,
1285 2413 1446 2509 porrexit
1470 2433 1558 2485 acu-
1641 2425 1649 2434 ’

337 2599 339 2602 ’
454 2573 571 2647 denia
597 2569 866 2663 berolinensis,
892 2571 990 2646 euius
1016 2592 1099 2643 cura
1124 2579 1330 2668 sumptuque
1353 2569 1481 2646 factum
1506 2582 1561 2648 est

456 2741 499 2804 ut
528 2727 610 2802 libri
635 2727 719 2821 duo,
740 2729 902 2802 vicesimi
934 2729 1074 2822 quintus
1107 2738 1143 2802 et
1173 2738 1295 2804 sextus
1329 2749 1406 2802 cuns
1437 2736 1560 2822 quarto

460 2885 659 2978 dimidiato,
683 2905 731 2957 ex
756 2882 879 2978 codice
904 2881 1077 2957 Vaticano
1104 2884 1243 2976 (1095)
1267 2885 1564 2978 describerentur,

461 3042 590 3140 reliqui
617 3063 666 3114 ex
690 3039 951 3116 Parisiensibus
976 3004 1106 3135 Regiis⁸
1136 3041 1256 3131 (1276
1280 3052 1317 3116 et
1341 3044 1480 3136 3075),
1505 3043 1560 3117 illi

312 3235 313 3238 κ
461 3199 506 3272 ab
532 3201 686 3274 Henuico
712 3198 880 3293 Brunno,
906 3198 943 3272 bi
968 3221 989 3270 a
1014 3195 1225 3273 Wladimiro
1249 3199 1423 3293 Brnneto,
1448 3199 1560 3303 doctis

462 3353 660 3432 bominibus
679 3379 721 3462 ac
745 3360 925 3452 nogotium
949 3377 1049 3432 snum
1080 3357 1230 3434 fideliter
1255 3357 1442 3432 exsecutis.
1494 3340 1562 3432 co-

463 3517 537 3591 dex
549 3514 739 3590 Vaticanus
757 3511 962 3592 chartaceus
988 3538 1068 3592 esso
1081 3514 1295 3614 perbihetur,
1319 3515 1442 3590 seculo
1467 3516 1564 3590 scri-

464 3683 545 3773 ptus
569 3673 714 3748 decimo
758 3655 882 3769 quana
923 3675 984 3750 vel
1022 3677 1163 3771 quinto,
1197 3673 1355 3750 manibus
1393 3672 1563 3771 pluribus,

463 3829 569 3903 modo
607 3829 794 3923 diligenter
824 3829 928 3906 modo
966 3853 1080 3908 secus.
1140 3832 1185 3906 de
1217 3831 1410 3907 Parisiensi
1444 3831 1563 3928 priore

467 3989 591 4063 scitae
615 4000 671 4065 est
684 3953 785 4084 'quod
810 3987 916 4063 arada
939 3990 1126 4067 Brunetus.

606 4111 673 4188 Les
694 4123 788 4188 liures
817 4122 1003 4207 historiques
1034 4128 1075 4192 28
1097 4135 1129 4190 et
1159 4128 1200 4194 29
1220 4134 1252 4190 ct
1282 4128 1330 4191 les
1351 4125 1563 4212 cognationes

571 4227 606 4318 1,Ι
618 4225 639 4288 3
653 4223 719 4290 etl
740 4232 810 4289 sont
828 4222 917 4316 d’upe
939 4227 1072 4293 doritnrc
1091 4227 1208 4310 rapide,
1232 4235 1384 4307 correcte,
1407 4229 1484 4292 mais
1503 4246 1565 4310 peu

454 4347 455 4354 ¹
569 4324 721 4409 regulidrc
746 4333 777 4389 et
797 4329 927 4390 condent
947 4326 1072 4392 difficile
1091 4329 1109 4390 d
1129 4326 1198 4392 lire.
1243 4327 1287 4390 Ge
1306 4331 1388 4391 n'est
1408 4327 1564 4391 certaiuc-
1668 4395 1670 4399 ,

571 4433 652 4496 nent
678 4443 733 4514 pas
764 4424 922 4494 t’ccriure
951 4426 1025 4497 d’uu
1043 4427 1231 4517 columpne
1262 4425 1303 4493 de
1319 4425 1511 4512 profession,
1533 4432 1567 4492 et

889 4601 1068 4690 89:318
