4000 5392
464 824 538 903 νῦν
644 905 649 911 ,
767 810 991 903 nrcnrnoni
1023 836 1252 907 unneonln

398 1019 453 1072 η
569 1000 679 1061 Ταῦτα
714 995 753 1079 δη
775 996 829 1061 καί
850 1001 968 1063 τοιαῦτ’
991 1001 1071 1078 ἐμοῦ
1098 1024 1134 1082 γε
1155 996 1313 1085 εἰρηκότος
1334 1004 1389 1064 καί
1411 990 1563 1063 πεπεικό-

465 1120 527 1177 τος,
551 1098 655 1186 λάθρᾳ
675 1099 838 1175 ἐξέπιπτεν
855 1098 900 1173 εἰς
915 1100 1011 1173 α’κοάς
1034 1100 1204 1182 άλλοτριάς
1219 1104 1274 1165 καί
1288 1101 1485 1181 ἀντιθέτους,
1509 1102 1565 1164 κατ’

343 1195 545 1281 ῐ.127ε.πρός
577 1196 699 1282 φθόνον
730 1201 787 1262 καί
809 1195 911 1282 φόβον
932 1201 1079 1282 ἠρέθιζεν
1108 1196 1218 1283 ἥκιστα
1243 1199 1282 1285 (λη’
1307 1197 1454 1288 φορητόν.
1496 1202 1564 1281 μα’-ι

464 1307 555 1363 λιστα
578 1300 606 1362 δ’
627 1290 682 1363 σόν
708 1298 855 1364 ἁπάντων
876 1302 1022 1383 ἑξέπληξέ
1042 1322 1075 1365 τε
1099 1302 1153 1365 καί
1176 1304 1305 1387 ἐξέμηνε
1332 1304 1564 1385 Καντακσυζη-

462 1397 517 1465 νόν
538 1397 591 1464 τόν
611 1402 667 1483 τῆς
687 1403 743 1465 τοῦ
767 1401 847 1463 θεοῦ
877 1401 1043 1485 ἐκκλησίας
1072 1393 1207 1485 ὄλεθρον
1236 1407 1293 1467 καί
1310 1398 1491 1486 βεβαιωτήν
1509 1405 1589 1485 τῆςὸ

463 1495 537 1584 ὅλης
558 1502 669 1575 κακιάς
698 1499 867 1580 διάπυρον.
921 1496 955 1577 ὃς
977 1499 1078 1586 (λη’που
1102 1502 1157 1565 καί
1175 1504 1282 1579 delirae
1301 1500 1347 1587 μη
1370 1504 1444 1582 τόν,
1468 1500 1563 1567 όπότε

462 1602 538 1685 μήτ’
559 1598 656 1675 αιίτάς
681 1604 851 1685 τυραννοιή
866 1602 983 1686 μήθίλ
1006 1605 1103 1667 αάτοῦ
1124 1601 1329 1687 μυσταγωγός
1352 1605 1468 1686 παριιή
1484 1607 1562 1667 Πα-

461 1705 578 1782 λαμάς,
597 1703 740 1789 ὕπέρσχη
763 1701 817 1765 καί
837 1706 937 1786 πέρας
960 1706 1025 1789 σχῇ
1044 1700 1081 1768 τά
1104 1706 1352 1784 βεβουλευμένα,
1374 1702 1478 1790 λάθρη
1501 1700 1561 1765 σόν

461 1804 564 1889 πολλῇ
582 1801 619 1889 τῇ
640 1795 764 1888 σπουδῇ
798 1803 974 1888 πεπομφώς
1001 1803 1143 1889 Ὑρκανῷ
1171 1807 1216 1891 τῷ
1246 1805 1379 1891 γαμβρῷ
1408 1804 1562 1885 καίβαρ-

461 1901 551 1990 βάριρ
573 1902 724 1985 χρήματα
748 1902 825 1987 πρὸς
838 1908 998 1969 Βιθυνίαν
1018 1903 1076 1987 την
1097 1902 1217 1969 ἐκείνου
1233 1901 1340 1983 δεξιάν
1360 1906 1414 1968 καί
1435 1901 1606 1987 γνάμηνλθ

462 1999 578 2076 ἱκανοῖς
599 1993 714 2085 ἔχοντα
737 2004 918 2084 ἐμπιπλᾶν,
951 2009 1097 2069 πέπεικεν
1129 2005 1300 2089 έλεόθερον
1331 2002 1364 2080 ἐς
1387 2003 1564 2081 Βυζάντιον

463 2105 649 2168 άποστεῖλαι
675 2105 840 2183 Παλαμάν
870 2105 922 2169 τόν
947 2108 1003 2190 τῆς
1034 2104 1143 2180 κακίας
1174 2105 1372 2192 προστάτην,
1411 2106 1490 2188 ἵνα,
1511 2104 1564 2171 τόν

464 2203 612 2286 δεύτερον
635 2202 733 2287 φάναι
758 2210 866 2289 πλοῦν,
888 2211 1059 2289 συμμαχία
1079 2231 1124 2281 τις
1157 2211 1200 2295 τῷ
1221 2208 1346 2296 πονηρῷ
1370 2209 1448 2289 γοῦν
1469 2204 1564 2283 ου’τός

462 2307 606 2389 γίγνηται
634 2302 780 2388 δόγματι.
832 2304 851 2370 ά
880 2305 919 2390 δη
943 2310 998 2371 καί
1032 2306 1105 2391 ἡμῖν
1134 2306 1221 2386 ἔδοξε
1252 2311 1372 2389 μᾶλλον
1408 2300 1427 2390 ἢ
1458 2308 1563 2397 ι’κείνηι

462 2410 606 2489 βέλτιον·
659 2406 739 2489 πρός
767 2409 827 2491 γάρ
851 2409 991 2492 παρόντα
1018 2412 1081 2473 τάν
1103 2411 1158 2491 τῆς
1190 2409 1345 2496 αἰσχύνης
1373 2410 1607 2487 eorumbene

463 2504 611 2591 ἐλέγχων,
635 2509 691 2572 oria
713 2502 810 2593 οὔσης
831 2505 891 2594 ἤδη
912 2512 968 2592 τῆς
989 2511 1119 2591 α’μάχου
1141 2513 1330 2592 συμμαχίας
1351 2512 1407 2576 τοῦ
1431 2502 1565 2575 dovre·
1653 2536 1659 2566 ι

466 2612 644 2693 κουζηνοῦ,
669 2614 789 2692 μᾶλλον
819 2614 854 2677 δὲ
883 2615 939 2695 τῆς
976 2613 1161 2694 τυραννικῆς
1188 2614 1243 2698 καί
1262 2613 1332 2675 λίαν
1354 2608 1486 2690 α’τόπου,
1505 2608 1564 2673 oria

463 2711 593 2775 ileriser'
622 2703 662 2775 άν
701 2708 746 2776 ἔτι
779 2711 941 2798 πρόφασις
977 2713 1142 2798 σ’ποφυγῆς
1177 2712 1245 2775 ou’d'
1273 2712 1402 2795 ἡτισοῦν
1431 2713 1474 2799 τῷ
1506 2708 1565 2792 τὴν

456 2809 591 2894 ’γνώμην
613 2812 668 2877 καί
690 2814 789 2877 πάντα
810 2810 928 2895 τρόπον
949 2812 1136 2901 διαστρόφηι
1158 2810 1212 2875 καί
1232 2811 1336 2876 πάντα
1360 2809 1474 2900 οἰτόπῳ.

468 3014 603 3077 Τενέδου
627 3013 785 3097 α’φιγμένη
808 3009 865 3098 την
887 3015 932 3089 εἰς
952 3016 1054 3097 τοῦτο
1067 3008 1170 3097 ῥοπὴν
1192 3015 1374 3094 άνεχαίτισε
1394 3016 1450 3077 τοῦ
1465 3012 1563 3089 συζύ-

365 3125 392 3149 ·’
464 3137 521 3196 γσυ
544 3114 600 3177 καί
620 3114 777 3193 βασιλέως
791 3110 1023 3197 Παλαιολόγου,
1041 3112 1110 3196 μητ’
1133 3112 1215 3198 oriri}
1236 3114 1371 3201 μηδαμῇ
1384 3111 1562 3195 βουλομένη

465 3214 521 3299 τῆς
539 3215 809 3298 Καντακουζηνοῦ
830 3216 887 3279 τοῦ
909 3212 1027 3300 πατρός
1048 3215 1202 3299 αἰσχύνης
1218 3213 1278 3280 σόν
1291 3236 1327 3295 γε
1347 3214 1390 3300 τῷ
1411 3214 1562 3297 πρέποντι

713 3322 718 3338 l

564 3502 638 3556 iisne
657 3513 684 3556 et
703 3503 800 3557 similia
820 3511 960 3573 postquam
979 3503 1035 3557 disi
1054 3514 1081 3558 et
1097 3506 1219 3574 persuasi
1238 3504 1305 3556 elam
1324 3518 1367 3557 res
1387 3502 1563 3571 pervenitad

468 3575 570 3629 alienas
592 3590 671 3628 sures
697 3583 724 3628 et
747 3576 918 3629 adversarios
945 3582 997 3629 tam
1024 3577 1057 3629 ad
1076 3577 1202 3629 invidiam
1221 3592 1298 3646 qnam
1318 3576 1350 3629 sd
1374 3575 1495 3628 timorem
1513 3575 1563 3627 ud.

465 3649 540 3700 duxit
558 3648 665 3699 minime
684 3646 837 3713 ferendum3
864 3648 977 3699 maxime
997 3663 1062 3699 vero
1087 3647 1232 3715 perterruit
1256 3648 1371 3699 omnium
1400 3655 1426 3699 et
1448 3661 1564 3714 exaspe.

465 3720 535 3772 rerit
552 3734 595 3771 res
615 3718 829 3773 Cantscusennm
848 3718 955 3770 divinae
975 3718 1107 3772 eeclesiae
1126 3727 1228 3785 pestem
1246 3727 1273 3770 et
1290 3720 1458 3771 defensorem
1478 3716 1563 3769 o'mnis
1595 3716 1600 3725 “

465 3791 607 3859 pravitatis
628 3791 774 3843 ardentem.
811 3791 856 3859 qni
875 3791 998 3845 nimirum
1019 3791 1097 3842 otium
1116 3792 1234 3853 veritus,
1260 3806 1295 3841 ne
1313 3804 1393 3853 nuno,
1415 3804 1494 3857 quum
1512 3804 1564 3841 nee

411 3912 414 3916 .
466 3865 525 3931 ipre
547 3870 674 3929 tyrannus
694 3871 775 3926 esset,
792 3877 843 3913 nec
862 3870 1022 3928 praeceptor
1042 3878 1106 3912 uuus
1133 3863 1239 3913 adesset
1256 3860 1386 3924 l’nlamas,
1406 3866 1565 3927 superarent

468 3943 495 3986 et
516 3934 625 3985 nimium
646 3933 769 3986 valerent
790 3949 821 3985 ea
842 3948 910 4000 quae
929 3932 1175 3996 deliberaturum,
1197 3932 1264 3985 clem
1283 3947 1378 4001 magno
1398 3948 1457 3983 eum
1475 3930 1563 3982 studio

467 4003 590 4072 Hyrcano
610 4018 710 4072 genero
740 4012 767 4054 et
784 4003 897 4057 barbaro
922 4006 950 4055 iu
977 4004 1129 4071 bithyniam
1155 4005 1235 4055 missa
1255 4004 1389 4072 pecunia,
1411 4018 1480 4071 quae
1499 4001 1564 4053 satis

468 4083 540 4129 esset
568 4074 600 4126 ad
626 4075 785 4142 implendam
810 4074 884 4126 illius
912 4075 1030 4127 dextram
1059 4085 1086 4127 et
1099 4083 1228 4139 mentem,
1247 4075 1380 4143 persuasit
1404 4082 1433 4125 nt
1451 4072 1565 4125 liberum

467 4149 586 4200 mitteret
614 4145 771 4214 Byzantium
793 4145 923 4198 Falernum
949 4148 1089 4213 pravitatis
1115 4155 1229 4198 tutorem
1253 4154 1282 4205 ut
1306 4145 1411 4196 adiutor
1435 4156 1565 4211 perverso

471 4222 530 4287 ipse
548 4218 593 4269 bat
611 4218 737 4285 dogmati.
770 4210 846 4287 'quod
873 4218 952 4267 etiem
971 4217 1051 4269 nobis
1070 4220 1155 4268 visum
1175 4225 1215 4268 est
1242 4218 1425 4285 potiusquam
1445 4213 1486 4265 illi
1507 4230 1566 4265 me.

469 4292 532 4343 lius.
571 4303 629 4340 nam
649 4290 681 4341 ad
703 4289 856 4355 praesentia
876 4296 993 4338 ortorum
1015 4304 1047 4340 ex
1065 4290 1167 4355 pudore
1197 4289 1333 4340 criminum
1353 4302 1432 4355 quum
1451 4285 1566 4337 nondum

469 4359 652 4428 insuperabile
673 4370 745 4411 esset
759 4359 886 4412 auxilinm
897 4356 1084 4411 Cantaeusens‘
1099 4360 1146 4411 sed
1162 4360 1245 4427 magis
1264 4360 1428 4425 tyrannicum
1443 4363 1470 4408 et
1489 4354 1568 4408 valdo

467 4435 585 4500 ineptum
604 4446 658 4483 uon
678 4430 879 4500 relinquebatur
900 4431 950 4480 inm
969 4438 1122 4496 praetextus
1143 4431 1221 4499 iugue
1241 4430 1312 4482 ullus
1333 4428 1432 4481 bomini
1452 4427 1568 4478 inomni

467 4505 599 4557 sententia
619 4512 646 4555 et
664 4504 769 4554 ratione
786 4500 941 4569 perturbato
962 4509 988 4552 et
1008 4501 1129 4553 omnibus
1146 4503 1172 4553 in
1191 4501 1271 4553 rebus
1291 4502 1392 4568 inepto.
1430 4544 1439 4553 .

566 4601 618 4653 Sed
641 4601 672 4652 ad
692 4600 760 4652 baec
777 4596 881 4650 llelena
901 4598 995 4665 regina
1009 4597 1164 4663 Byzantium
1183 4596 1289 4649 Tenedo
1311 4596 1430 4664 prefects
1452 4592 1568 4645 Palaeo.

471 4673 529 4741 logi
548 4672 671 4741 coniugis
694 4681 720 4724 et
738 4672 811 4739 regis
829 4668 1011 4720 inhonorem
1030 4670 1234 4737 propensionem
1251 4668 1381 4730 cohibuit,
1399 4680 1488 4733 neque
1510 4666 1570 4731 ipsa

470 4743 527 4796 ullo
547 4743 624 4795 modo
644 4743 740 4798 voleus
760 4740 940 4796 Centaeuseni
960 4742 1044 4809 putris
1059 4741 1222 4809 ignominiae
1237 4755 1295 4791 cum
1313 4740 1364 4791 ista
1382 4735 1577 4793 exsecratione·
