4000 5392
502 573 725 642 msaomse
741 573 1000 644 anammnm
1018 577 1126 644 xxm.
1149 539 1336 644 30-33.
1407 565 1480 641 369

379 739 454 800 καθ’
475 729 551 800 ὅσον
571 735 631 820 γάρ
654 736 689 803 τό
711 736 745 803 ἓν
768 740 951 820 α’πόλλυσιν,
985 737 1138 803 α’λλάσσει
1161 741 1217 802 καί
1230 736 1269 802 τό
1292 729 1375 802 εἶναι
1399 751 1545 820 τμη-11

380 835 498 919 θέντα,
531 835 585 901 όιά
615 837 650 902 τό
674 831 755 903 εἶναι
788 836 823 903 τό
845 841 879 904 ἓν
911 834 1058 904 άπάντων
1091 838 1258 924 στοιχείων
1278 833 1424 904 ἓνωτιιιόν
1446 859 1480 903 τε
1583 915 1586 928 .

380 941 437 1002 καό
464 939 697 1024 συλληπτικόν,
731 937 834 1004 ὁπόσα
862 939 984 1023 ’γένεσίς
1015 965 1048 1006 τε
1079 941 1186 1024 βόσκει
1217 943 1273 1005 κατ’
1295 934 1417 1027 φθορά.
1461 936 1481 1020 ἦ

380 1037 439 1122 γάρ
462 1032 607 1123 ἑτερότης
638 1038 800 1125 διαφοράν
830 1045 887 1106 τοῦ
918 1033 1005 1116 ὄντος
1027 1044 1221 1125 εἰσάγουσα,
1254 1041 1334 1123 πρός
1357 1037 1481 1105 ἔννοιαν

305 1201 309 1206 ,
355 1143 440 1204 broii
461 1139 503 1222 μή
528 1133 615 1214 όντσς
637 1141 756 1228 ῥᾳδίως
787 1139 952 1226 ἒξόστνγσιν.
1005 1146 1044 1208 ου’
1063 1141 1128 1226 μὴν
1150 1143 1185 1208 τό
1210 1148 1299 1207 θεῖον
1326 1143 1359 1204 ἓν
1382 1141 1482 1204 όκεῖνο

381 1243 542 1307 τοιοῦτον·
584 1240 742 1324 ποιητικόν
767 1243 826 1324 γάρ
865 1243 985 1309 τούτων
1015 1247 1179 1310 συνθότων
1208 1234 1325 1320 όντων,
1359 1241 1482 1305 intotis

382 1342 580 1408 παντάπασιν
604 1335 639 1404 όν
663 1345 762 1406 ἐκεῖνο
785 1349 838 1409 καί
868 1342 1094 1428 όπερκόσμιον.
1149 1345 1225 1408 siti
1245 1345 1337 1407 θέσιν
1357 1339 1482 1406 τοιάνδε

383 1446 483 1527 δηλοῖ,
508 1441 578 1506 ἀλλ’
599 1433 694 1526 ἇρσιν
722 1445 757 1508 ἐκ
778 1447 842 1508 τάν
867 1448 1011 1526 πολλάν,
1036 1435 1095 1510 ὅσα
1118 1467 1152 1510 τε
1183 1442 1323 1527 αἰσθητά
1346 1441 1400 1508 soi
1420 1433 1481 1504 όσα

382 1544 488 1627 νοητά.
530 1543 562 1606 εἶ
577 1541 638 1625 γάρ
660 1542 694 1608 τό
718 1548 835 1627 κυρίως
858 1540 893 1610 όν
916 1547 958 1630 ἓν,
981 1543 1072 1610 ἔσται
1093 1537 1158 1628 (ion
1176 1549 1230 1610 καί
1251 1541 1286 1608 τό
1309 1545 1342 1606 ἓν
1364 1541 1482 1624 κυρίως

342 1654 375 1708 10
384 1636 420 1708 όν
440 1646 495 1706 soi
512 1647 570 1706 νοῦ
587 1642 701 1721 παντός
716 1647 872 1712 ἐπέκεινα.
904 1652 961 1711 τοῦ
983 1647 1012 1710 δ’
1031 1643 1100 1720 ἑνός
1116 1649 1259 1710 ἐπέκεινα
1280 1645 1342 1708 τῶν
1358 1641 1484 1708 πάντων

385 1743 486 1807 otiosa.
531 1738 608 1807 ὅθεν
627 1743 683 1809 καί
702 1745 794 1810 εἰκών
814 1747 831 1809 ό
854 1747 930 1823 νοός
952 1751 1012 1811 τιό
1034 1743 1103 1821 ἑνός
1126 1749 1246 1812 ἐκείνου
1269 1747 1402 1827 λέγεται.
1435 1736 1482 1807 εἶ-

384 1870 437 1910 ναι
457 1844 518 1927 γάρ
545 1849 601 1909 κατ’
624 1844 680 1909 τόν
701 1851 775 1911 νοῦν
806 1850 876 1932 φάς
909 1842 1031 1912 ἄυπνον
1054 1851 1109 1911 κατ’
1130 1845 1408 1930 ζωῆνψόνονσαν
1428 1839 1484 1906 καό

384 1945 493 2030 νόησιν
513 1947 570 2010 οόκ
600 1943 787 2029 ἐνεργοῦσαν
820 1950 865 2024 εἰς
885 1945 920 2012 τό
948 1954 1072 2030 μέλλον,
1106 1949 1174 2012 αλλ’
1201 1947 1245 2022 εἷς
1276 1941 1313 2010 τά
1343 1939 1483 2028 παρόντα

386 2046 439 2110 άεό
478 2050 532 2111 καό
564 2046 719 2124 ιόσαότως
750 2049 884 2131 ἔχοντα,
913 2044 1071 2136 σάμφωνά
1101 2072 1135 2112 τε
1165 2041 1238 2112 ὄντα
1273 2042 1397 2118 ἑαυτοῖς
1430 2042 1485 2107 καό

343 2149 513 2234 15οόόαμῇ
553 2152 629 2213 ποτὲ
649 2149 837 2232 'anelontem
872 2150 976 2232 ,πρός
1010 2146 1049 2233 δὴ
1088 2148 1124 2213 τό
1165 2149 1309 2212 τοιοῦτον
1342 2143 1399 2222 ἓν,
1428 2141 1549 2224 τόν..
1644 2221 1649 2224 ,

385 2248 460 2312 θεόν
487 2248 629 2333 όιγλαόή,
668 2250 757 2315 πάντ’
786 2253 888 2315 ἐκεῖνα
917 2247 954 2314 τό
990 2251 1090 2315 πολλά
1120 2252 1183 2314 ταῖν
1212 2246 1375 2328 ὀνομάτων
1404 2241 1483 2323 κατά

330 2395 335 2402 1
382 2347 435 2413 τόν
463 2354 550 2414 θεῖον
584 2355 733 2436 φέρονται
770 2351 980 2430 Ἀθανάσιον,
1015 2346 1036 2414 ό
1064 2373 1097 2415 τε
1132 2349 1288 2431 πρότερον
1317 2349 1350 2412 ἐν
1377 2337 1484 2421 ἄλλοις

384 2450 491 2535 εἴρηκε
512 2449 615 2535 λόγοις
636 2450 692 2515 aaa*
721 2446 743 2515 ii
762 2456 829 2533 νόν,
851 2449 888 2516 τό
919 2443 1088 2537 ἄφθαρτον
1113 2447 1247 2535 όιγλαόὴ,
1267 2447 1302 2513 τό
1323 2441 1485 2528 ἄτρεπτον,

382 2549 417 2616 τό
433 2552 662 2637 άιιατάλιγπτον,
683 2552 716 2618 τό
731 2554 878 2635 δυνατόν,
895 2550 930 2618 τό
946 2550 1188 2637 προγνωστικόν,
1207 2553 1262 2613 καί
1276 2543 1337 2613 όσα
1360 2546 1443 2613 ἐστόν
1466 2543 1484 2609 ό

341 2651 497 2734 λθπατὴρ.
523 2649 621 2717 άκαὶ
641 2651 708 2718 ἴδια
731 2653 787 2717 κατ’
814 2658 870 2719 τοῦ
892 2651 965 2718 vinni
996 2657 1094 2738 φησιν
1112 2645 1208 2731 εἶναι,
1238 2648 1340 2716 ιῖτουν
1361 2646 1483 2735 φυσικά

384 2754 440 2814 κατ’
459 2751 609 2838 ου’σιαόόγ,
629 2759 749 2833 μᾶλλον
770 2756 798 2818 δ’
820 2757 919 2819 εἰπεῖν
939 2753 1037 2819 τότ’σν
1059 2747 1140 2818 εἶναι
1155 2752 1211 2817 τόν
1231 2748 1311 2816 υἱόν.
1338 2743 1399 2814 όσα
1420 2748 1481 2834 γάρ
1494 2771 1514 2826 f,
1528 2769 1578 2828 175
1589 2788 1614 2826 f,

385 2860 550 2934 προσεῖναι
582 2857 703 2937 λέγεται
731 2858 775 2943 τῷ
795 2854 894 2938 πάτρι’
916 2856 1060 2939 φυσικάς
1083 2875 1117 2919 τε
1145 2851 1380 2926 καίσάσιωόιός
1403 2846 1483 2914 κατά

366 2950 439 3041 ,τόν
451 2957 540 3019 θεῖον
551 2956 724 3041 Κόυιλλσν,
744 2957 847 3021 τυότα
868 2957 972 3023 πάντα
986 2952 1102 3023 όστόνό
1119 2952 1197 3034 υἱός.
1218 2951 1252 3021 τό
1268 2947 1332 3039 άριι
1352 2944 1484 3040 simino-
1543 2999 1546 3008 ·

388 3283 464 3334 tione
482 3280 581 3346 minuta
610 3287 637 3334 et
663 3284 805 3335 essentiam
834 3300 910 3352 quam
940 3283 1073 3338 habebant
1097 3283 1220 3336 amittunt
1246 3298 1298 3334 neo
1320 3281 1391 3350 quod
1411 3285 1486 3332 erant

389 3350 474 3405 adhoc
503 3361 572 3404 sunt.
616 3355 734 3406 atenim
761 3371 839 3406 unum
862 3358 998 3421 amittunt,
1025 3357 1062 3408 its
1088 3354 1261 3423 consequitur
1289 3368 1349 3404 esso
1379 3352 1485 3420 partite,

388 3433 500 3492 propter
521 3439 581 3476 esse
602 3439 702 3489 unum,
722 3426 868 3478 concilians
887 3434 914 3477 et
937 3427 1106 3493 compiectno
1136 3426 1224 3476 omnia
1249 3421 1381 3475 elementa
1401 3438 1486 3491 quae.

390 3511 495 3563 cunque
512 3503 586 3548 ortus
616 3504 643 3547 ot
672 3511 783 3549 occasus
809 3498 869 3549 ieet.
917 3497 1067 3549 differentis
1087 3497 1155 3548 enim
1182 3496 1338 3547 varietatem
1356 3499 1406 3548 τσῦ
1426 3509 1486 3545 esse

390 3566 552 3629 involvens,
581 3567 613 3619 αό
632 3569 682 3619 τοῦ
710 3583 764 3619 σου
786 3584 846 3619 esse
876 3567 957 3619 iaeiie
981 3568 1114 3635 pervenit.
1157 3568 1265 3618 minime
1282 3565 1400 3617 divinum
1420 3563 1487 3616 illud

390 3653 481 3701 anum,
501 3653 595 3689 ereans
614 3641 760 3706 composita
786 3638 849 3701 illa,
875 3638 989 3706 simplex
1018 3640 1125 3690 omnino
1146 3635 1413 3704 et‘supernnturaie,
1431 3649 1485 3688 non

392 3708 471 3759 talem
495 3709 655 3775 positionem
690 3711 883 3777 expositionem
912 3709 1043 3777 explicet,
1077 3709 1123 3760 sed
1148 3709 1324 3760 exemtionem
1352 3724 1366 3759 e
1396 3705 1487 3758 multis

392 3795 461 3847 quae
481 3788 543 3831 sunt
562 3780 700 3832 sensibilia
720 3791 747 3833 et
767 3781 958 3849 intelligibilia.
985 3781 1008 3833 si
1028 3779 1107 3844 enim,
1124 3780 1196 3848 'qnod
1209 3780 1318 3848 proprie
1338 3785 1388 3842 est,
1406 3793 1486 3829 unum
1534 3839 1535 3842 Ἴ

393 3858 443 3915 est,
461 3867 541 3902 unum
562 3867 627 3920 ergo
646 3855 698 3905 erit
716 3854 824 3921 proprie
844 3854 960 3904 existens
981 3860 1008 3903 et
1028 3851 1097 3902 ultra
1116 3866 1219 3902 omnem
1238 3851 1376 3903 rationem.
1408 3849 1486 3900 unius

391 3931 479 3974 antem
506 3921 575 3973 nihil
604 3923 672 3975 uitta
691 3926 861 3987 universnm,
886 3925 956 3975 unde
982 3924 1050 3974 ratio
1074 3924 1161 3989 imago
1188 3923 1266 3973 unius
1285 3920 1359 3972 illins
1380 3921 1487 3972 dicitur.
1592 3977 1597 3988 ,

392 4008 452 4043 esse
475 3994 544 4043 enim
570 3995 699 4045 rationem
717 3994 808 4045 lumen
827 3993 894 4062 vigil
928 3993 1042 4047 etaiam
1069 4002 1219 4046 monentem
1245 3999 1271 4043 et
1298 3997 1413 4043 mentem
1433 4003 1487 4042 non
1566 4035 1568 4038 .

391 4061 558 4116 adiuturum
578 4065 774 4130 activam,sed
798 4066 830 4117 ad
857 4067 1010 4131 praesentia
1030 4072 1056 4116 et
1074 4081 1142 4133 quae
1168 4063 1265 4116 similia
1295 4069 1355 4116 sunt
1380 4069 1407 4114 et
1437 4061 1487 4113 sibi

392 4136 543 4198 concordio,
563 4137 669 4187 minime
692 4151 805 4204 unquam
824 4138 1010 4206 repugnantis.
1047 4137 1078 4188 ad
1099 4135 1152 4188 tale
1172 4151 1267 4199 unum,
1286 4134 1393 4186 seilicet
1410 4134 1488 4185 deum

392 4208 477 4258 omnia
496 4204 544 4258 ilia
562 4208 669 4258 nomina
687 4207 830 4258 secundum
860 4208 891 4259 Ι).
917 4208 1090 4261 Athanasium
1120 4208 1346 4274 feruntur,„quae
1365 4210 1442 4256 ontea
1460 4203 1488 4254 io

391 4276 453 4328 aliis
472 4277 548 4330 libris
568 4277 678 4344 protniit
697 4287 724 4329 et
742 4293 810 4346 quae
826 4294 906 4344 nunc,
925 4295 1022 4345 nempe
1044 4276 1258 4344 interruptihiie,
1278 4274 1424 4340 immobile,
1443 4276 1490 4326 in.

392 4348 512 4412 finitum,
532 4349 715 4414 omnipotens,
734 4350 896 4416 providens,
915 4365 1090 4419 quaecunque
1114 4356 1190 4417 peter
1208 4354 1272 4398 sunt
1291 4355 1317 4406 et
1336 4362 1403 4415 quae
1423 4359 1489 4415 pro.
1586 4351 1587 4354 ’

390 4420 450 4487 pria
469 4420 547 4470 etiam
567 4418 615 4470 iiiii
637 4434 696 4470 esse
715 4420 789 4482 dicit,
809 4422 831 4470 si
852 4421 956 4488 quidem
976 4419 1107 4472 naturalia
1121 4427 1148 4470 et
1167 4417 1330 4482 essentialia,
1350 4433 1386 4470 ne
1403 4417 1489 4469 (iteam

391 4493 477 4560 ipsum
497 4505 557 4542 esse
577 4487 669 4540 filium.
689 4506 865 4559 quaeeunque
885 4492 1063 4548 attribuuntur
1082 4491 1149 4558 patri
1169 4489 1326 4542 naturaiiter
1347 4498 1374 4542 et
1393 4503 1488 4541 essen.

483 4601 649 4672 Νίσεγλοτιιι
669 4603 779 4672 Greoor.
806 4603 860 4658 tot.
882 4605 937 4659 111.
1263 4600 1298 4659 24
