4000 5392
493 579 567 662 284
802 589 1025 662 nrcnnnom
1060 586 1290 658 ennoomn

491 751 571 822 άλλά
612 752 647 820 τὸ
675 757 731 838 τῆς
763 756 936 838 παροιμίας
969 753 1032 818 άπδ
1068 751 1174 836 κάπης
1202 754 1255 818 sni
1289 749 1322 816 τά
1349 753 1439 833 βῆμα
1467 747 1522 811 ταί
1552 741 1588 810 τδ

491 854 680 940 στρατήγιον
713 859 863 940 ἐξαίφνης
888 853 1042 937 ἔδραμες,
1074 861 1154 938 λέγω
1186 853 1224 935 δη
1260 850 1295 919 τά
1328 856 1488 934 θεσλαγεῖν
1518 846 1590 912 άνί·

490 979 578 1033 στοις
610 979 643 1021 τε
665 955 761 1039 χερσί
789 955 844 1020 ani
867 958 975 1044 σαθρά
1005 956 1146 1042 διανοίη,
1177 958 1253 1038 φέρε
1285 943 1344 1017 τάν
1369 947 1403 1016 ἐν
1435 947 1517 1036 γηρρι
1538 949 1591 1010 δι-

405 1132 407 1139 ,
490 1055 630 1142 δάχθητι
643 1059 720 1142 παρ’
743 1057 832 1142 ἡμῶν
854 1055 911 1131 τάς
928 1055 1143 1138 στοιχειώδεις
1163 1058 1280 1132 ταύτας
1293 1055 1348 1118 aas*
1369 1049 1496 1135 πρω’τας
1518 1075 1590 1136 φω-

442 1227 447 1235 ,
490 1157 547 1232 νάς
569 1161 631 1223 τοῖν
653 1157 860 1241 γραμμάτων,
884 1157 927 1232 τάς
943 1149 982 1220 άν
1003 1159 1236 1238 ου’μαθὲστερσς
1257 1154 1333 1230 ἴσως
1348 1150 1511 1237 γενόμενος
1533 1154 1615 1236 reich

490 1261 583 1333 θείας
605 1260 681 1333 τέως
705 1255 833 1324 αἴσθοιο
853 1261 991 1342 γραφῆς,
1024 1259 1077 1320 καί
1096 1261 1207 1341 μηκέτι
1232 1259 1273 1320 δι’
1295 1249 1396 1339 ὄχλου
1427 1254 1467 1342 τῇ
1492 1247 1589 1318 τάσε-

491 1361 564 1447 βείρι
594 1361 737 1442 γίγνοισ,
767 1362 965 1446 δημαγωγῶν
997 1359 1018 1422 ά
1050 1367 1113 1434 τοῖς
1143 1361 1225 1423 κάτω
1251 1359 1371 1440 μᾶλλον
1396 1347 1415 1437 ἢ
1437 1363 1501 1429 τοῖς
1521 1348 1588 1417 άυω

369 1497 380 1531 ;
491 1462 604 1542 πρέπει
624 1468 756 1545 νεκροῖς.
806 1458 842 1524 τά
865 1458 926 1542 γάρ
948 1461 1078 1524 ἐναντία
1099 1469 1162 1535 τοῖς
1184 1461 1337 1532 ἐναντίοις
1367 1455 1589 1541 δρίζεσθαίτε
1652 1467 1656 1476 “

491 1555 546 1621 ταί
568 1560 782 1644 διορθοῦσθαι
810 1558 962 1640 νόμιμον,
983 1556 1053 1624 ε’πεί
1082 1559 1137 1623 κατ’
1157 1561 1328 1642 Χαρμίδης
1348 1555 1364 1619 ὅ
1388 1561 1590 1634 Λαρισσαῖος

492 1654 631 1734 άκοάσας
655 1662 867 1743 διηγουμένου
888 1659 972 1734 τινὸς
1006 1662 1039 1724 έν
1060 1656 1154 1724 ὕδατι
1187 1661 1286 1748 ζέοντι
1311 1656 1414 1736 ζάσας
1435 1657 1515 1748 ι’διίν
1536 1657 1588 1736 ε’γ-
1599 1673 1633 1732 10

386 1777 392 1792 ’
488 1762 621 1840 χέλυος,
644 1761 756 1824 οάιιοῦν
778 1764 941 1846 ίνψυχρηῖ
963 1756 1084 1834 ταάτας
1108 1754 1280 1841 ἱψησωμεν
1302 1756 1430 1844 ἔφησεν.
1475 1745 1511 1837 ἧς
1532 1747 1589 1817 σάν

490 1862 545 1924 sui
566 1857 662 1935 αάτάς
684 1861 831 1935 άσάνετσς
848 1859 975 1940 ἔμεινας
1000 1862 1274 1943 πεντεκαιδεκάτης
1294 1860 1452 1932 παιδείας,
1472 1853 1590 1939 ταάτης

490 1956 570 2042 άπέρ
601 1958 641 2025 τά
674 1955 823 2043 ἑξήκοντα
845 1959 981 2045 γεγονοδς
1009 1959 1173 2045 ’άιιρσατην
1205 1957 1341 2025 σεαυτὸν
1364 1955 1590 2022 άπσδειιινάναι

488 2058 534 2141 μη
559 2062 694 2141 άπαξιόυ
716 2063 865 2145 ιη’μερον,
887 2065 951 2127 τάν
972 2063 1083 2127 aalma
1104 2059 1226 2145 δηλαδη
1243 2061 1297 2126 κατ’
1315 2056 1494 2143 άρχοειδάν
1518 2081 1590 2142 φω·

490 2165 553 2230 νῶν
573 2165 629 2226 καί
648 2167 825 2246 στοιχείων.
877 2166 976 2228 ταῦτα
1006 2165 1034 2225 δ’
1061 2156 1100 2226 άν
1120 2161 1245 2236 πάντως
1272 2157 1321 2245 εἴη
1344 2157 1383 2223 τά
1401 2159 1426 2221 τ’
1450 2156 1587 2237 δνάματα
1600 2173 1631 2230 15
1654 2207 1658 2222 .

495 2265 549 2328 κατ’
568 2259 708 2348 ῥήματα.
750 2266 872 2346 πρῶτον
891 2266 952 2347 γάρ
975 2267 1030 2328 δεῖ
1047 2267 1177 2339 θέσθαι,
1200 2265 1291 2347 φασί,
1313 2267 1348 2326 τί
1363 2252 1462 2339 ὄνομα
1484 2259 1541 2321 καί
1560 2261 1594 2320 τί

490 2360 591 2448 ρἠμα,
618 2361 718 2428 οἱονεί
735 2388 805 2431 τινα
829 2361 964 2446 στερρὸν
984 2367 1145 2444 θεμέλιον,
1169 2359 1277 2428 ἔπειτα
1296 2365 1332 2426 τί
1345 2363 1429 2426 ἐστιν
1454 2357 1589 2444 άτιάφα-
1609 2415 1611 2422 ,

491 2487 541 2540 σις
562 2465 618 2528 τισί
637 2462 817 2550 κατάφασις
837 2466 893 2528 κατ’
914 2461 1098 2549 άπάφανσις
1122 2463 1175 2528 καί
1197 2465 1295 2546 λόγος,
1318 2463 1373 2526 τισί
1397 2456 1457 2525 ὅσα
1480 2463 1516 2526 έκ
1535 2464 1589 2544 τῆς

493 2566 695 2649 άνθρωπίνης
716 2565 835 2649 ταύτης
857 2569 1027 2648 ἐπιπλοκῆς
1058 2568 1114 2629 κατ’
1132 2569 1312 2640 συνθέσεως
1333 2565 1396 2628 ταῖν
1416 2585 1450 2625 τε
1473 2558 1590 2642 σ’ναμά-

492 2691 555 2732 των
579 2665 635 2730 κατ’
656 2671 717 2731 τῶν
739 2665 888 2752 ῥημάτων
912 2666 1154 2732 ἀποτελοῦνται.
1197 2668 1286 2731 σιιιαί
1306 2662 1366 2748 γάρ
1390 2659 1491 2727 οἱονεί
1507 2664 1631 2736 reticii)

495 2765 557 2830 εἰσι
577 2769 640 2829 τάν
662 2769 857 2850 πραγμάτων
887 2767 922 2832 αἱ
943 2772 1060 2852 φωναί,
1083 2764 1162 2852 πρὸς
1183 2765 1239 2843 τάς
1263 2763 1399 2848 ιιινη’σεις
1419 2767 1482 2829 τάν
1504 2763 1588 2848 niqra-

388 2866 391 2871 “
490 2860 613 2932 molem
631 2866 908 2950 αχηματιζάμεναι
936 2867 991 2932 ιιαί
1010 2868 1143 2947 άνάμασι
1168 2873 1222 2934 καί
1250 2865 1369 2952 ῥήμασι
1391 2864 1589 2949 ’κεραννύμε-

489 3127 518 3172 te
538 3117 644 3172 discere
662 3118 812 3185 oportebat,
832 3135 886 3172 non
905 3119 1033 3186 didicisti,
1053 3128 1133 3190 atque
1152 3130 1253 3190 septem
1267 3135 1351 3175 anuos
1367 3126 1445 3174 natus
1463 3135 1499 3173 ne
1517 3136 1588 3190 gen.

491 3190 554 3243 tiles
574 3189 679 3257 quidem
698 3191 878 3243 contendebas
899 3193 1044 3244 secundum
1063 3195 1208 3261 sapientem
1223 3193 1297 3246 illum
1311 3191 1502 3246 Atheniensem
1522 3207 1588 3260 ρτο.

492 3262 573 3326 litari,
592 3262 639 3313 sed
660 3277 802 3325 exrema,
822 3265 958 3329 σιτίσαι,
977 3257 1005 3314 in
1025 3273 1178 3332 suggestum
1199 3272 1225 3318 ct
1246 3265 1408 3332 praetorium
1430 3272 1541 3328 repente
1560 3271 1587 3315 te

491 3333 642 3398 coniecisti,
661 3331 713 3386 lroc
733 3332 839 3386 scilicet
857 3335 934 3399 dico,
960 3336 1031 3403 quod
1049 3344 1077 3388 tu
1102 3337 1195 3389 adres
1214 3337 1318 3388 divinas
1345 3337 1482 3386 accessisti
1502 3333 1587 3386 illotis

489 3404 610 3456 manibus
630 3414 656 3456 et
673 3413 763 3456 mente
779 3404 884 3470 obtusa,
904 3423 954 3476 age
975 3408 1053 3458 ctiam
1072 3423 1157 3460 senex
1174 3408 1311 3460 edocearis
1332 3423 1348 3458 a
1366 3405 1507 3458 nobishoc
1527 3404 1587 3457 cle.

489 3478 633 3528 meritorios
660 3485 687 3528 ct
705 3477 805 3542 primos
824 3492 905 3529 sonos
926 3478 1079 3543 literarum,
1098 3488 1127 3531 ut
1146 3479 1249 3531 doctior
1276 3478 1376 3542 lactus,
1398 3478 1515 3529 divinam
1533 3477 1588 3528 ali.
1637 3475 1640 3480 '

489 3555 620 3616 quatenus
639 3547 776 3616 intelligas
790 3549 947 3616 scripturam
965 3565 1053 3618 neque
1073 3552 1148 3602 oneri
1169 3552 1205 3603 sis
1223 3551 1331 3617 pietati;
1350 3564 1407 3600 cum
1428 3547 1533 3616 plebem
1555 3547 1587 3600 αδ

492 3633 523 3669 ea
545 3619 686 3686 perducas,
705 3635 774 3687 quae
793 3623 876 3688 magis
896 3623 992 3673 decent
1006 3629 1134 3687 rnortuos,
1157 3624 1202 3691 qui
1221 3622 1290 3674 inira
1309 3636 1386 3688 quam
1407 3635 1453 3671 eos
1473 3620 1517 3687 qui
1538 3635 1588 3670 su.

489 3704 536 3756 pra
554 3695 651 3741 terram
684 3699 839 3756 versantur,
863 3694 976 3744 adversa
1007 3694 1076 3744 cuim
1102 3695 1223 3745 adversis
1251 3693 1371 3744 dividere
1397 3699 1423 3742 et
1450 3691 1588 3759 corrigere

488 3761 585 3811 iustum
605 3769 655 3825 est,
669 3761 838 3830 quamobrem
857 3764 935 3814 etiam
948 3764 1102 3818 Charmides
1114 3765 1285 3827 larissensis,
1301 3779 1358 3816 cum
1378 3763 1482 3814 audiret
1500 3776 1587 3829 quen.

489 3830 547 3882 dam
566 3841 715 3884 narrantem
735 3849 766 3884 so
785 3836 812 3884 in
826 3849 894 3902 aqua
915 3843 1054 3886 aestuante
1080 3836 1156 3887 vivas
1176 3836 1277 3888 vidisse
1303 3833 1447 3903 anguillas,
1468 3833 1513 3898 has
1533 3833 1588 3899 iqi-

488 3911 541 3966 tur‚
560 3904 656 3972 inquit,
676 3906 703 3954 in
727 3906 824 3972 iriqids
850 3920 1004 3973 coquemus.
1050 3907 1180 3976 utigitur
1208 3908 1311 3973 etipse
1340 3907 1447 3972 ignarus
1470 3905 1588 3957 mansisti

491 3975 644 4042 quindecim
663 3991 748 4027 annos
770 3984 846 4028 natus
866 3977 1013 4042 doctrinae,
1033 3979 1069 4030 ita
1089 3980 1146 4030 eiua
1165 3986 1277 4030 aetatem
1303 3991 1429 4028 annorum
1448 3977 1589 4044 sexaginta

489 4059 615 4112 egressus
632 4054 659 4097 te
678 4048 825 4100 studiosum
844 4048 970 4100 simulare
983 4047 1055 4100 nolis
1074 4049 1164 4112 hodie,
1185 4048 1344 4118 simplicium
1362 4047 1468 4098 scilicet
1486 4055 1513 4098 et
1531 4048 1589 4113 pri.

488 4130 589 4168 morum
609 4133 734 4169 sonorum
750 4118 1006 4187 elementorumque,
1024 4119 1090 4171 haec
1108 4128 1170 4173 suut
1188 4121 1294 4172 omniuo
1314 4119 1422 4170 nomina
1442 4127 1469 4169 ct
1487 4118 1587 4170 verba:

488 4188 599 4256 primum
627 4189 694 4239 enim
722 4190 815 4242 dicunt
839 4190 951 4242 solidum
972 4192 1100 4261 quoddam
1122 4191 1317 4243 fundamentum
1344 4192 1432 4242 iacere
1452 4199 1588 4256 oportere,

489 4259 551 4327 quid
571 4259 606 4310 sit
624 4274 731 4325 nomen,
751 4261 815 4328 quid
833 4261 953 4313 verbum.
991 4262 1097 4327 deinde,
1117 4263 1180 4330 quid
1199 4265 1234 4315 sit
1252 4261 1398 4313 adfirmatio
1429 4268 1455 4312 et
1479 4260 1588 4328 negatio

491 4337 518 4381 ct
546 4333 678 4382 sententia
705 4341 732 4384 et
758 4331 896 4385 conclusio
926 4341 952 4384 et
977 4349 1152 4403 quaecuuque
1178 4348 1211 4385 es
1235 4333 1285 4386 hac
1312 4331 1445 4384 hominum
1475 4333 1590 4382 coniun-

493 4402 589 4453 ctione
604 4410 631 4454 et
643 4405 838 4472 compositione
858 4406 992 4456 nominum
1013 4414 1039 4457 et
1053 4406 1194 4458 verborum
1213 4405 1375 4458 alliciuntur.
1394 4402 1502 4455 umbrae
1521 4401 1592 4454 enim

493 4473 683 4545 quodammodo
704 4491 791 4530 rerum
811 4482 872 4530 sunt
889 4477 950 4530 soni
969 4479 1114 4532 secundam
1132 4485 1220 4533 motus
1238 4476 1428 4531 substratorum
1441 4474 1545 4528 lormati
1565 4479 1592 4528 et
