4000 5392
477 592 526 668 9⁰
779 598 1005 667 dicatarum
1037 600 1266 667 ementita

478 752 569 849 ᾦμή
595 762 814 844 προσεγεγόνει
844 763 953 845 κέρδος
976 758 1080 827 οἴκαδ’
1114 761 1289 844 ἐπανιόντι,
1311 763 1375 846 τῶν
1396 763 1576 826 θαλαττίων

478 860 629 943 κυμάτων
650 864 683 937 ἐς
703 864 760 944 γῆν
791 854 876 925 όπλα
898 866 954 927 καί
976 866 1053 946 βέλη
1067 860 1261 925 παντοδαπὰ
1289 864 1345 924 καί
1364 862 1502 936 α’σπίδας
1521 864 1578 926 καί

478 960 588 1046 κράνη,
608 960 663 1027 καί
684 958 740 1035 τός
759 960 1010 1042 κενεμβατοόσας
1028 964 1062 1025 ἐν
1083 963 1125 1047 τῷ
1145 961 1274 1042 πελάγει
1297 960 1437 1045 τριήρεις
1459 962 1576 1041 όναμίξ

366 1055 367 1063 ¹
477 1058 633 1145 ἑκατέρων
656 1065 719 1126 τιόν
736 1060 994 1144 στρατευμάτων,
1016 1062 1156 1144 ἐρήμους
1177 1065 1237 1142 μέν
1253 1064 1455 1127 παντάπασιν
1476 1053 1575 1137 οόσας

476 1156 653 1246 ναυμόχων
675 1165 800 1247 α’νδριόν
828 1163 883 1227 καί
905 1161 1012 1249 κιόπης
1032 1160 1138 1247 πόσης
1158 1162 1213 1228 καί
1230 1165 1379 1246 ταρσῶν,
1398 1160 1518 1243 μεστός
1539 1163 1600 1227 δέ5

475 1259 648 1347 χρημάτων
677 1268 857 1330 πολυτελῶν
886 1265 942 1329 καί
964 1269 1083 1349 νεκρόν
1102 1266 1576 1349 πλουσιοιςουμπεφυρμένων

479 1364 606 1445 αἵμασι.
1038 1427 1040 1431 ,

409 1478 465 1532 Η
576 1463 679 1535 Μετίι
694 1469 801 1546 μέντοι
822 1467 880 1551 τήν
913 1470 1099 1551 ναυμαχίαν
1117 1469 1238 1551 ἐκείνην
1262 1464 1358 1531 νόσου
1379 1466 1484 1547 κοινῆς
1505 1466 1577 1527 δια-

476 1568 667 1651 νεμηθείσης
680 1564 715 1631 τό
731 1574 874 1634 πλείσταν
892 1571 948 1652 τῆς
962 1572 1114 1651 ναυτικῆς
1135 1563 1285 1651 ἑκατέρας
1299 1564 1475 1646 δονόμεως,
1495 1566 1578 1628 α’πά-

478 1666 627 1751 θνήσκειν
657 1667 746 1755 ἐπήει
770 1666 858 1750 μέλα
891 1668 1030 1753 συχνοός
1058 1665 1272 1752 ἑκατέρωθεν,
1305 1666 1349 1741 ιός
1370 1668 1417 1742 είς
1438 1667 1619 1750 evermero

475 1768 564 1830 r‘s'sat'
578 1766 819 1848 βουλεόσασθαι
830 1767 997 1851 ἑκατέρους
1019 1768 1042 1834 ό
1064 1768 1167 1835 ἐδόκει
1186 1773 1371 1833 λυσιτελεῖν.
1414 1764 1516 1831 ἐδόκει
1540 1768 1576 1831 δέ

433 1868 434 1871 ’
479 1871 651 1944 Βενετικυές
672 1872 731 1947 μὲν
751 1866 805 1934 τόν
826 1866 908 1934 ἴδιον
928 1873 1125 1954 μεταστήσαι
1150 1867 1274 1951 στόλον,
1297 1869 1399 1933 καίτοι
1416 1868 1577 1949 βόυλομέ-

475 1989 547 2042 νους
567 1970 636 2032 ἐκεῖ
651 1969 709 2053 τός
726 1971 760 2034 έκ
784 1966 912 2036 Πόντου
932 1967 1104 2044 κατιοόσας
1124 1968 1318 2054 στρογγύλας
1337 1972 1400 2035 τιόν
1418 1974 1576 2050 πολεμίων

475 2063 613 2146 όλκόδας
637 2068 757 2151 alpert,
782 2072 821 2137 αδ
846 2070 1060 2155 παρεκόμιζον
1080 2070 1114 2137 ἐκ
1134 2095 1167 2136 τε
1192 2074 1322 2137 σκυθιόν
1342 2073 1398 2136 καί
1420 2068 1574 2144 Τανόιδος

427 2210 429 2221 ι
474 2166 671 2253 τάπιτήδεια.
704 2170 773 2235 ἀλλ’
797 2173 942 2238 α’νθεέλκε
966 2177 1054 2259 σφᾶς
1075 2170 1112 2238 ori
1134 2168 1231 2253 μόνον
1255 2168 1288 2235 τό
1311 2169 1383 2244 τοός
1404 2172 1574 2245 νοσοῦντας
1585 2176 1617 2231 15

426 2260 428 2265 ’
475 2266 581 2333 αότιόν
597 2268 797 2337 τίνακτᾶσθαι
811 2273 998 2356 βούλεσθαι,
1021 2272 1102 2337 α’λλό
1115 2275 1171 2338 καί
1183 2274 1247 2337 τόν
1258 2272 1445 2356 ἐπιτηδείων
1459 2270 1576 2355 ήσπό-

476 2392 522 2441 υις
543 2367 640 2453 πολλή
664 2371 720 2435 καί
740 2378 864 2457 ποικιλη
882 2376 957 2438 καθ’
980 2376 1103 2458 ἡμέραν
1122 2370 1257 2458 ἓκόστην
1272 2375 1501 2455 όπαιτουμένη.
1522 2367 1572 2435 διό
1672 2435 1677 2452 ι

477 2467 630 2546 λόσαντες
651 2471 691 2536 τό
715 2471 898 2558 πρυμνήσια
927 2476 1047 2540 ἐκεῖθεν
1069 2471 1156 2557 παρό
1187 2474 1240 2539 τόν
1260 2472 1410 2540 εἴσπλουν
1431 2476 1489 2537 τοῦ
1511 2475 1575 2536 τιόν

371 2594 372 2597 ’
474 2562 661 2649 Batavum
684 2576 810 2653 λιμένας
834 2573 968 2659 ἔστησαν
989 2580 1222 2659 καταχθέντες,
1254 2579 1311 2640 τοῦ
1332 2574 1411 2657 πρὸς
1431 2577 1474 2638 ἐω
1498 2575 1575 2653 βλέ-

476 2693 609 2753 ποντος,
631 2672 687 2747 τός
707 2676 860 2757 πολεμίας
881 2670 1024 2750 ἑστώσας
1051 2677 1204 2757 εόοόνυμα
1227 2680 1305 2751 ναός
1325 2674 1618 2758 coapostolatus-20

476 2795 526 2847 τις
544 2776 630 2856 παρὰ
655 2773 729 2849 τοός
748 2773 912 2859 αἰγιαλοός
926 2781 980 2861 τῆς
996 2780 1209 2862 χαλκηδονίας
1228 2781 1286 2862 γῆς
1307 2771 1574 2858 τῶνβαρβάρων.

379 2902 382 2909 “
476 2872 762 2959 στενοχωρούμενοι
799 2874 862 2961 reip
901 2879 1038 2965 κόκεῖνοι
1075 2878 1113 2965 τῇ
1150 2880 1213 2946 τῶν
1240 2880 1428 2962 ἐπιτηδείων
1457 2876 1576 2956 ὁμοίως

435 3220 436 3223 =
477 3187 592 3253 militen
610 3190 723 3243 maxima
739 3199 828 3245 antem
846 3204 907 3260 pars
927 3207 960 3245 ex
979 3193 1051 3245 omni
1069 3206 1171 3261 genere
1189 3190 1325 3243 boninum
1346 3198 1374 3243 et
1392 3188 1494 3264 artibus
1512 3204 1574 3242 sor.

477 3261 544 3314 didio
563 3276 671 3329 operam
699 3265 853 3317 natantium
878 3260 909 3315 et
929 3263 1011 3317 rebus
1036 3265 1144 3317 rusticis
1164 3263 1326 3315 addictorum
1347 3263 1489 3314 commixta
1508 3269 1573 3312 erat.

401 3340 402 3345 ’
478 3346 572 3385 eoram
590 3335 705 3386 omnium
729 3350 806 3387 uerno
834 3345 892 3387 erat
916 3336 979 3404 quin
998 3336 1102 3387 lucram
1130 3334 1260 3403 quoddam
1286 3342 1313 3385 et
1340 3334 1465 3401 praedam
1483 3347 1572 3384 seeum

477 3403 581 3457 domum
600 3404 738 3459 retulisset
755 3406 878 3459 fluctibns
897 3405 1005 3460 seilicet
1029 3422 1100 3458 arma
1126 3414 1153 3457 et
1179 3405 1234 3457 tela
1252 3406 1338 3458 onnia
1353 3406 1479 3474 generis,
1501 3411 1577 3455 scota

477 3476 623 3545 paleasque
636 3493 669 3529 ae
687 3479 808 3532 triremes
832 3480 970 3547 utriusque
991 3479 1124 3530 exereitus
1149 3479 1300 3545 promiscae
1324 3492 1373 3545 per
1390 3490 1464 3527 mare
1489 3476 1575 3525 iaeta-

476 3555 517 3600 tas
538 3549 680 3601 interram
700 3550 879 3614 eiicientibas,
900 3565 997 3602 vacuas
1016 3548 1077 3600 illas
1099 3550 1204 3617 quidem
1224 3547 1353 3600 militibus
1376 3546 1502 3615 omnique
1521 3560 1574 3614 gu.

477 3617 621 3671 bernaculo
650 3623 798 3691 remisque,
823 3629 937 3685 attamen
963 3621 1077 3673 refertas
1099 3621 1179 3673 rebus
1206 3622 1332 3687 pretiosis
1355 3627 1436 3687 atque
1463 3617 1576 3668 mortuis

478 3689 561 3743 multo
580 3693 711 3760 megarae
731 3696 871 3761 respersis.

580 3788 665 3853 Quum
682 3795 771 3839 autern
789 3796 851 3857 post
868 3788 999 3857 proelium
1019 3787 1116 3842 navale
1140 3788 1232 3839 morbo
1250 3802 1299 3853 per
1318 3788 1455 3838 maximam
1474 3791 1575 3851 partem

478 3857 618 3928 utriusque
643 3859 777 3911 exercitus
802 3868 940 3929 grassante
964 3876 1089 3912 numerus
1118 3858 1251 3911 hominnm
1277 3857 1346 3909 baud
1364 3858 1476 3924 exiguus
1494 3854 1576 3907 absu-

479 3936 605 3994 meretur,
623 3930 785 3982 necessitate
805 3933 900 3994 eoacti,
921 3933 983 3999 qnid
1010 3932 1076 3983 utile
1097 3930 1167 3981 lactu
1187 3930 1334 3990 videretur,
1354 3929 1459 3995 utrique
1477 3927 1507 3983 in
1526 3926 1575 3976 de.
1631 3922 1645 3946 ‘

479 4000 665 4054 liberationem
684 4001 825 4053 vocabant.
873 4002 983 4053 Venetis
1002 4004 1100 4071 igitar,
1119 4016 1275 4069 quamquam
1303 3999 1339 4050 ibi
1358 3998 1576 4051 bostinm‘naaes

480 4074 616 4125 onerarias
635 4088 694 4123 eum
714 4079 860 4124 commeatu
879 4072 1029 4141 exScytbia
1050 4081 1076 4124 et
1094 4073 1127 4125 ab
1146 4072 1259 4123 Tanaide
1278 4071 1362 4137 petito
1381 4068 1573 4121 descendentes

479 4159 512 4195 ex
529 4142 614 4196 Ponto
637 4144 799 4212 intercipere
821 4144 971 4210 capiebant,
1000 4144 1082 4195 satius
1109 4153 1196 4195 tamen
1217 4145 1302 4194 visum
1322 4149 1371 4204 est,
1391 4138 1504 4191 classem
1521 4136 1575 4187 alio

478 4214 540 4267 loco
561 4214 709 4278 collocare,
728 4217 827 4283 quippe
847 4230 925 4284 quum
944 4230 997 4267 non
1019 4215 1105 4267 solam
1131 4214 1284 4265 laborantes
1310 4228 1343 4264 ex
1362 4210 1453 4263 morbo
1473 4210 1507 4261 iis
1525 4224 1575 4259 ca-

382 4278 389 4299 *
479 4287 553 4337 randi
576 4292 675 4349 essent,
695 4288 743 4338 sed
763 4288 841 4338 etiam
861 4302 948 4339 rerum
967 4286 999 4337 ad
1019 4289 1118 4337 victum
1132 4285 1343 4337 necessariarum
1362 4282 1475 4351 penuria
1492 4295 1576 4348 urge-

478 4364 579 4421 rentur,
598 4371 708 4425 quarom
726 4372 820 4425 magna
835 4365 915 4425 atque
926 4357 1070 4424 multiplici
1087 4358 1166 4425 copia
1184 4357 1305 4425 quotidie
1323 4370 1389 4422 opus
1409 4360 1474 4404 crat.
1495 4364 1576 4430 quere

482 4428 536 4478 oris
554 4428 651 4481 solutis
673 4430 735 4481 inde
751 4430 784 4480 ad
804 4430 939 4480 introitum
957 4438 1048 4497 portus
1067 4430 1209 4496 Byzantini
1233 4428 1414 4479 adorientem
1433 4427 1577 4489 spectantis

481 4497 562 4553 delati
581 4506 651 4563 sont,
672 4500 786 4555 bostium
805 4514 898 4567 naves,
918 4516 986 4571 quae
1004 4502 1112 4556 sinistra
1132 4500 1164 4553 ad
1189 4514 1262 4553 oram
1282 4496 1471 4551 chalcedoniae
1489 4501 1577 4545 terrae
1650 4540 1656 4547 .
