<?xml version="1.0" encoding="UTF-8"?>
<!DOCTYPE html PUBLIC "-//W3C//DTD XHTML 1.0 Transitional//EN"
    "http://www.w3.org/TR/xhtml1/DTD/xhtml1-transitional.dtd">
<html xmlns="http://www.w3.org/1999/xhtml" xml:lang="en" lang="en">
 <head>
  <title>
</title>
<meta http-equiv="Content-Type" content="text/html;charset=utf-8" />
  <meta name='ocr-system' content='tesseract 3.04.00' />
  <meta name='ocr-capabilities' content='ocr_page ocr_carea ocr_par ocr_line ocrx_word'/>
</head>
<body>
  <div class='ocr_page' id='page_1' title='image "./nicephorigregor01schogoog_0561.png"; bbox 0 0 4000 5392; ppageno 0'>
   <div class='ocr_carea' id='block_1_1' title="bbox 478 582 1569 705">
    <p class='ocr_par' dir='ltr' id='par_1_1' title="bbox 478 582 1569 705">
     <span class='ocr_line' id='line_1_1' title="bbox 478 582 1569 705; baseline 0.005 -37"><span class='ocrx_word' id='word_1_1' title='bbox 478 600 699 669; x_wconf 81' lang='lat' dir='ltr'><strong>uisuoamn</strong></span> <span class='ocrx_word' id='word_1_2' title='bbox 726 596 983 667; x_wconf 78' lang='lat' dir='ltr'><strong>urzsnmunn</strong></span> <span class='ocrx_word' id='word_1_3' title='bbox 1000 602 1153 669; x_wconf 79' lang='lat' dir='ltr'><strong>xxxvii.</strong></span> <span class='ocrx_word' id='word_1_4' title='bbox 1168 582 1357 705; x_wconf 59' lang='lat'><strong><em>287-32.</em></strong></span> <span class='ocrx_word' id='word_1_5' title='bbox 1418 592 1492 673; x_wconf 78' lang='lat'><strong><em>545</em></strong></span> <span class='ocrx_word' id='word_1_6' title='bbox 1552 602 1569 627; x_wconf 68' lang='grc'><em>“</em></span> 
     </span>
    </p>
   </div>
   <div class='ocr_carea' id='block_1_2' title="bbox 347 758 1619 2641">
    <p class='ocr_par' dir='ltr' id='par_1_2' title="bbox 391 758 1619 1151">
     <span class='ocr_line' id='line_1_2' title="bbox 392 758 1619 851; baseline 0.008 -27"><span class='ocrx_word' id='word_1_7' title='bbox 392 763 459 845; x_wconf 93' lang='grc' dir='ltr'><strong><em>γήν.</em></strong></span> <span class='ocrx_word' id='word_1_8' title='bbox 502 762 607 848; x_wconf 75' lang='grc' dir='ltr'><strong><em>τρίτον</em></strong></span> <span class='ocrx_word' id='word_1_9' title='bbox 629 762 664 827; x_wconf 69' lang='lat' dir='ltr'><strong><em>«it</em></strong></span> <span class='ocrx_word' id='word_1_10' title='bbox 685 764 753 839; x_wconf 79' lang='grc' dir='ltr'><strong><em>πῶς</em></strong></span> <span class='ocrx_word' id='word_1_11' title='bbox 785 759 882 825; x_wconf 81' lang='grc' dir='ltr'><strong><em>πολύν</em></strong></span> <span class='ocrx_word' id='word_1_12' title='bbox 910 758 972 847; x_wconf 82' lang='grc' dir='ltr'><strong><em>ήάη</em></strong></span> <span class='ocrx_word' id='word_1_13' title='bbox 992 763 1111 848; x_wconf 90' lang='grc' dir='ltr'><strong><em>χρόνον</em></strong></span> <span class='ocrx_word' id='word_1_14' title='bbox 1135 766 1407 851; x_wconf 65' lang='grc' dir='ltr'><strong><em>κατηγορούμενον</em></strong></span> <span class='ocrx_word' id='word_1_15' title='bbox 1438 767 1619 834; x_wconf 61' lang='lat' dir='ltr'><strong>vivims.</strong></span> 
     </span>
     <span class='ocr_line' id='line_1_3' title="bbox 392 860 1493 953; baseline 0.006 -29"><span class='ocrx_word' id='word_1_16' title='bbox 392 860 551 946; x_wconf 79' lang='grc' dir='ltr'><strong><em>Σκόρπιον</em></strong></span> <span class='ocrx_word' id='word_1_17' title='bbox 574 864 607 926; x_wconf 92' lang='grc' dir='ltr'><strong><em>ἐν</em></strong></span> <span class='ocrx_word' id='word_1_18' title='bbox 640 861 755 944; x_wconf 79' lang='grc' dir='ltr'><strong><em>ἀκμαῖς</em></strong></span> <span class='ocrx_word' id='word_1_19' title='bbox 783 862 833 928; x_wconf 83' lang='grc' dir='ltr'><strong><em>ἀεέ</em></strong></span> <span class='ocrx_word' id='word_1_20' title='bbox 861 872 1050 948; x_wconf 83' lang='grc' dir='ltr'><strong><em>πρακτικαῖς</em></strong></span> <span class='ocrx_word' id='word_1_21' title='bbox 1081 868 1137 948; x_wconf 78' lang='grc' dir='ltr'><strong><em>τῆς</em></strong></span> <span class='ocrx_word' id='word_1_22' title='bbox 1165 866 1310 950; x_wconf 76' lang='grc' dir='ltr'><strong><em>τοιαύτης</em></strong></span> <span class='ocrx_word' id='word_1_23' title='bbox 1337 866 1493 953; x_wconf 79' lang='grc' dir='ltr'><strong><em>αἱρέσεως</em></strong></span> 
     </span>
     <span class='ocr_line' id='line_1_4' title="bbox 394 955 1493 1052; baseline 0.009 -29"><span class='ocrx_word' id='word_1_24' title='bbox 394 955 496 1039; x_wconf 76' lang='grc' dir='ltr'><strong><em>εἶναι,</em></strong></span> <span class='ocrx_word' id='word_1_25' title='bbox 532 961 588 1026; x_wconf 81' lang='grc' dir='ltr'><strong><em>καί</em></strong></span> <span class='ocrx_word' id='word_1_26' title='bbox 609 966 734 1027; x_wconf 77' lang='grc' dir='ltr'><strong><em>πολλῶν</em></strong></span> <span class='ocrx_word' id='word_1_27' title='bbox 755 963 936 1047; x_wconf 78' lang='grc' dir='ltr'><strong><em>ἐρχομένων</em></strong></span> <span class='ocrx_word' id='word_1_28' title='bbox 958 964 1156 1050; x_wconf 73' lang='grc' dir='ltr'><strong><em>γραμμάτων</em></strong></span> <span class='ocrx_word' id='word_1_29' title='bbox 1182 967 1216 1029; x_wconf 89' lang='grc' dir='ltr'><strong><em>ἐκ</em></strong></span> <span class='ocrx_word' id='word_1_30' title='bbox 1237 968 1298 1029; x_wconf 77' lang='grc' dir='ltr'><strong><em>τῶν</em></strong></span> <span class='ocrx_word' id='word_1_31' title='bbox 1317 970 1373 1030; x_wconf 85' lang='grc' dir='ltr'><strong><em>τοῦ</em></strong></span> <span class='ocrx_word' id='word_1_32' title='bbox 1396 963 1493 1052; x_wconf 83' lang='grc' dir='ltr'><strong><em>ὅρους</em></strong></span> 
     </span>
     <span class='ocr_line' id='line_1_5' title="bbox 391 1060 1492 1151; baseline 0.007 -27"><span class='ocrx_word' id='word_1_33' title='bbox 391 1062 505 1143; x_wconf 80' lang='grc' dir='ltr'><strong><em>τιμέων</em></strong></span> <span class='ocrx_word' id='word_1_34' title='bbox 522 1060 647 1146; x_wconf 71' lang='grc' dir='ltr'><strong><em>ἀνδρῶν</em></strong></span> <span class='ocrx_word' id='word_1_35' title='bbox 662 1064 827 1147; x_wconf 74' lang='grc' dir='ltr'><strong><em>προδήλως</em></strong></span> <span class='ocrx_word' id='word_1_36' title='bbox 848 1062 904 1147; x_wconf 90' lang='grc' dir='ltr'><strong><em>τήν</em></strong></span> <span class='ocrx_word' id='word_1_37' title='bbox 918 1064 1059 1149; x_wconf 75' lang='grc' dir='ltr'><strong><em>ἀρχαίαν</em></strong></span> <span class='ocrx_word' id='word_1_38' title='bbox 1071 1066 1127 1129; x_wconf 75' lang='grc' dir='ltr'><strong><em>καὶ</em></strong></span> <span class='ocrx_word' id='word_1_39' title='bbox 1143 1067 1243 1151; x_wconf 84' lang='grc' dir='ltr'><strong><em>μέχρι</em></strong></span> <span class='ocrx_word' id='word_1_40' title='bbox 1254 1068 1309 1130; x_wconf 81' lang='grc' dir='ltr'><strong><em>νῦν</em></strong></span> <span class='ocrx_word' id='word_1_41' title='bbox 1331 1066 1492 1133; x_wconf 77' lang='grc' dir='ltr'><strong><em>ἀνθοῦσαν</em></strong></span> 
     </span>
    </p>

    <p class='ocr_par' dir='ltr' id='par_1_3' title="bbox 366 1161 1559 1649">
     <span class='ocr_line' id='line_1_6' title="bbox 366 1161 1491 1254; baseline 0.004 -27"><span class='ocrx_word' id='word_1_42' title='bbox 366 1161 512 1227; x_wconf 76' lang='grc' dir='ltr'><strong><em>δέκεόνου</em></strong></span> <span class='ocrx_word' id='word_1_43' title='bbox 537 1162 651 1226; x_wconf 89' lang='grc' dir='ltr'><strong><em>κακιάν</em></strong></span> <span class='ocrx_word' id='word_1_44' title='bbox 670 1163 895 1247; x_wconf 82' lang='grc' dir='ltr'><strong><em>ἐξελεγχόντων</em></strong></span> <span class='ocrx_word' id='word_1_45' title='bbox 902 1213 913 1241; x_wconf 99' lang='grc'><strong><em>,</em></strong></span> <span class='ocrx_word' id='word_1_46' title='bbox 935 1162 1029 1240; x_wconf 76' lang='grc' dir='ltr'><strong><em>αὐτὸς</em></strong></span> <span class='ocrx_word' id='word_1_47' title='bbox 1048 1164 1099 1229; x_wconf 81' lang='grc' dir='ltr'><strong><em>άεέ</em></strong></span> <span class='ocrx_word' id='word_1_48' title='bbox 1122 1165 1282 1251; x_wconf 78' lang='grc' dir='ltr'><strong><em>περιέπων</em></strong></span> <span class='ocrx_word' id='word_1_49' title='bbox 1299 1168 1491 1254; x_wconf 75' lang='grc' dir='ltr'><strong><em>ἐγκαρτερεῖ,</em></strong></span> 
     </span>
     <span class='ocr_line' id='line_1_7' title="bbox 394 1256 1489 1347; baseline 0.006 -25"><span class='ocrx_word' id='word_1_50' title='bbox 394 1259 565 1344; x_wconf 83' lang='grc' dir='ltr'><strong><em>πρόμαχος</em></strong></span> <span class='ocrx_word' id='word_1_51' title='bbox 596 1256 721 1341; x_wconf 85' lang='grc' dir='ltr'><strong><em>άμαχος</em></strong></span> <span class='ocrx_word' id='word_1_52' title='bbox 748 1262 855 1347; x_wconf 83' lang='grc' dir='ltr'><strong><em>ἐκεόνφ</em></strong></span> <span class='ocrx_word' id='word_1_53' title='bbox 886 1264 1051 1347; x_wconf 86' lang='grc' dir='ltr'><strong><em>γενόμενος</em></strong></span> <span class='ocrx_word' id='word_1_54' title='bbox 1072 1264 1128 1329; x_wconf 91' lang='grc' dir='ltr'><strong><em>καί</em></strong></span> <span class='ocrx_word' id='word_1_55' title='bbox 1151 1266 1263 1340; x_wconf 82' lang='grc' dir='ltr'><strong><em>στῦλος</em></strong></span> <span class='ocrx_word' id='word_1_56' title='bbox 1285 1266 1386 1329; x_wconf 77' lang='grc' dir='ltr'><strong><em>εἰπεῖν</em></strong></span> <span class='ocrx_word' id='word_1_57' title='bbox 1408 1265 1489 1330; x_wconf 82' lang='grc' dir='ltr'><strong><em>ἀόσ-</em></strong></span> 
     </span>
     <span class='ocr_line' id='line_1_8' title="bbox 391 1358 1559 1450; baseline 0.006 -27"><span class='ocrx_word' id='word_1_58' title='bbox 391 1358 547 1440; x_wconf 88' lang='grc' dir='ltr'><strong><em>μάντινος,</em></strong></span> <span class='ocrx_word' id='word_1_59' title='bbox 570 1358 626 1423; x_wconf 92' lang='grc' dir='ltr'><strong><em>καί</em></strong></span> <span class='ocrx_word' id='word_1_60' title='bbox 647 1364 760 1444; x_wconf 87' lang='grc' dir='ltr'><strong><em>θαγμά</em></strong></span> <span class='ocrx_word' id='word_1_61' title='bbox 789 1364 891 1442; x_wconf 81' lang='grc' dir='ltr'><strong><em>βοῶν,</em></strong></span> <span class='ocrx_word' id='word_1_62' title='bbox 914 1364 970 1428; x_wconf 69' lang='grc' dir='ltr'><strong><em>κατ’</em></strong></span> <span class='ocrx_word' id='word_1_63' title='bbox 990 1366 1049 1448; x_wconf 82' lang='grc' dir='ltr'><strong><em>γήν</em></strong></span> <span class='ocrx_word' id='word_1_64' title='bbox 1072 1363 1244 1449; x_wconf 82' lang='grc' dir='ltr'><strong><em>ἀναμιγνύς</em></strong></span> <span class='ocrx_word' id='word_1_65' title='bbox 1266 1363 1412 1450; x_wconf 73' lang='grc' dir='ltr'><strong><em>οὐρανῷ,</em></strong></span> <span class='ocrx_word' id='word_1_66' title='bbox 1433 1368 1488 1432; x_wconf 70' lang='lat' dir='ltr'><strong><em>uus*</em></strong></span> <span class='ocrx_word' id='word_1_67' title='bbox 1554 1358 1559 1365; x_wconf 44' lang='lat'><strong>⁴</strong></span> 
     </span>
     <span class='ocr_line' id='line_1_9' title="bbox 392 1457 1489 1549; baseline 0.006 -28"><span class='ocrx_word' id='word_1_68' title='bbox 392 1457 472 1522; x_wconf 85' lang='grc' dir='ltr'><strong><em>κατά</em></strong></span> <span class='ocrx_word' id='word_1_69' title='bbox 495 1459 566 1535; x_wconf 87' lang='grc' dir='ltr'><strong><em>τούς</em></strong></span> <span class='ocrx_word' id='word_1_70' title='bbox 587 1460 798 1543; x_wconf 81' lang='grc' dir='ltr'><strong><em>μαινομένους</em></strong></span> <span class='ocrx_word' id='word_1_71' title='bbox 818 1464 853 1527; x_wconf 84' lang='grc' dir='ltr'><strong><em>τὸ</em></strong></span> <span class='ocrx_word' id='word_1_72' title='bbox 873 1468 929 1547; x_wconf 83' lang='grc' dir='ltr'><strong><em>τῆς</em></strong></span> <span class='ocrx_word' id='word_1_73' title='bbox 944 1464 1071 1549; x_wconf 88' lang='grc' dir='ltr'><strong><em>γνιόμης</em></strong></span> <span class='ocrx_word' id='word_1_74' title='bbox 1093 1463 1260 1547; x_wconf 76' lang='grc' dir='ltr'><strong><em>ἱστάμενον</em></strong></span> <span class='ocrx_word' id='word_1_75' title='bbox 1280 1465 1489 1547; x_wconf 77' lang='grc' dir='ltr'><strong><em>ἐλαυνόμενος</em></strong></span> 
     </span>
     <span class='ocr_line' id='line_1_10' title="bbox 391 1559 1489 1649; baseline 0.007 -28"><span class='ocrx_word' id='word_1_76' title='bbox 391 1560 447 1623; x_wconf 92' lang='grc' dir='ltr'><strong><em>καί</em></strong></span> <span class='ocrx_word' id='word_1_77' title='bbox 468 1560 586 1633; x_wconf 79' lang='grc' dir='ltr'><strong><em>πάντας</em></strong></span> <span class='ocrx_word' id='word_1_78' title='bbox 612 1559 792 1643; x_wconf 82' lang='grc' dir='ltr'><strong><em>ἀναθέματι</em></strong></span> <span class='ocrx_word' id='word_1_79' title='bbox 818 1567 936 1649; x_wconf 79' lang='grc' dir='ltr'><strong><em>μακρηῖ</em></strong></span> <span class='ocrx_word' id='word_1_80' title='bbox 965 1562 1212 1646; x_wconf 84' lang='grc' dir='ltr'><strong><em>παραπέμπων,</em></strong></span> <span class='ocrx_word' id='word_1_81' title='bbox 1235 1563 1293 1644; x_wconf 86' lang='grc' dir='ltr'><strong><em>ούχ</em></strong></span> <span class='ocrx_word' id='word_1_82' title='bbox 1317 1564 1351 1628; x_wconf 78' lang='grc' dir='ltr'><strong><em>οἳ</em></strong></span> <span class='ocrx_word' id='word_1_83' title='bbox 1368 1564 1489 1641; x_wconf 75' lang='grc' dir='ltr'><strong><em>τούτοις</em></strong></span> 
     </span>
    </p>

    <p class='ocr_par' dir='ltr' id='par_1_4' title="bbox 350 1657 1552 2148">
     <span class='ocr_line' id='line_1_11' title="bbox 350 1657 1486 1748; baseline 0.003 -28"><span class='ocrx_word' id='word_1_84' title='bbox 350 1676 382 1729; x_wconf 87' lang='lat'><strong><em>10</em></strong></span> <span class='ocrx_word' id='word_1_85' title='bbox 391 1657 552 1737; x_wconf 81' lang='grc' dir='ltr'><strong><em>ἐνέχονται</em></strong></span> <span class='ocrx_word' id='word_1_86' title='bbox 572 1665 638 1732; x_wconf 81' lang='grc' dir='ltr'><strong><em>τοῖς</em></strong></span> <span class='ocrx_word' id='word_1_87' title='bbox 668 1660 874 1743; x_wconf 79' lang='grc' dir='ltr'><strong><em>ἐγκλήμασιν,</em></strong></span> <span class='ocrx_word' id='word_1_88' title='bbox 909 1662 978 1744; x_wconf 56' lang='grc' dir='ltr'><strong><em>ἀλλῖ</em></strong></span> <span class='ocrx_word' id='word_1_89' title='bbox 1011 1662 1045 1725; x_wconf 81' lang='grc' dir='ltr'><strong><em>οἳ</em></strong></span> <span class='ocrx_word' id='word_1_90' title='bbox 1072 1665 1119 1747; x_wconf 74' lang='grc' dir='ltr'><strong><em>τῷ</em></strong></span> <span class='ocrx_word' id='word_1_91' title='bbox 1139 1664 1288 1748; x_wconf 78' lang='grc' dir='ltr'><strong><em>Σκορπέῳ</em></strong></span> <span class='ocrx_word' id='word_1_92' title='bbox 1311 1662 1486 1748; x_wconf 84' lang='grc' dir='ltr'><strong><em>ἐνεχομένφ</em></strong></span> 
     </span>
     <span class='ocr_line' id='line_1_12' title="bbox 390 1755 1552 1847; baseline 0.005 -28"><span class='ocrx_word' id='word_1_93' title='bbox 390 1757 566 1841; x_wconf 79' lang='grc' dir='ltr'><strong><em>προφέρειν</em></strong></span> <span class='ocrx_word' id='word_1_94' title='bbox 599 1755 698 1840; x_wconf 67' lang='grc' dir='ltr'><strong><em>ἥκιστ’</em></strong></span> <span class='ocrx_word' id='word_1_95' title='bbox 734 1758 871 1824; x_wconf 79' lang='grc' dir='ltr'><strong><em>ὀκνοῦσι.</em></strong></span> <span class='ocrx_word' id='word_1_96' title='bbox 923 1760 979 1825; x_wconf 97' lang='grc' dir='ltr'><strong><em>καί</em></strong></span> <span class='ocrx_word' id='word_1_97' title='bbox 1000 1760 1148 1847; x_wconf 85' lang='grc' dir='ltr'><strong><em>τέταρτον</em></strong></span> <span class='ocrx_word' id='word_1_98' title='bbox 1168 1758 1217 1826; x_wconf 89' lang='grc' dir='ltr'><strong><em>ότι</em></strong></span> <span class='ocrx_word' id='word_1_99' title='bbox 1239 1765 1295 1826; x_wconf 84' lang='grc' dir='ltr'><strong><em>καέ</em></strong></span> <span class='ocrx_word' id='word_1_100' title='bbox 1311 1762 1411 1846; x_wconf 83' lang='grc' dir='ltr'><strong><em>μέχρι</em></strong></span> <span class='ocrx_word' id='word_1_101' title='bbox 1433 1764 1552 1826; x_wconf 68' lang='lat' dir='ltr'><strong><em>vom</em></strong></span> 
     </span>
     <span class='ocr_line' id='line_1_13' title="bbox 390 1855 1483 1941; baseline 0.004 -20"><span class='ocrx_word' id='word_1_102' title='bbox 390 1855 471 1941; x_wconf 84' lang='grc' dir='ltr'><strong><em>όράν</em></strong></span> <span class='ocrx_word' id='word_1_103' title='bbox 494 1858 694 1941; x_wconf 68' lang='grc' dir='ltr'><strong><em>ἰσχυρίζεται</em></strong></span> <span class='ocrx_word' id='word_1_104' title='bbox 712 1856 766 1923; x_wconf 89' lang='grc' dir='ltr'><strong><em>τόν</em></strong></span> <span class='ocrx_word' id='word_1_105' title='bbox 779 1861 877 1941; x_wconf 90' lang='grc' dir='ltr'><strong><em>μόνον</em></strong></span> <span class='ocrx_word' id='word_1_106' title='bbox 893 1859 1106 1926; x_wconf 77' lang='grc' dir='ltr'><strong><em>ἀναλλοίωτόν</em></strong></span> <span class='ocrx_word' id='word_1_107' title='bbox 1115 1885 1149 1925; x_wconf 92' lang='grc' dir='ltr'><strong><em>τε</em></strong></span> <span class='ocrx_word' id='word_1_108' title='bbox 1164 1863 1220 1926; x_wconf 81' lang='grc' dir='ltr'><strong><em>καί</em></strong></span> <span class='ocrx_word' id='word_1_109' title='bbox 1242 1858 1385 1933; x_wconf 83' lang='grc' dir='ltr'><strong><em>άκτιστον</em></strong></span> <span class='ocrx_word' id='word_1_110' title='bbox 1399 1861 1483 1939; x_wconf 84' lang='grc' dir='ltr'><strong><em>θεόν,</em></strong></span> 
     </span>
     <span class='ocr_line' id='line_1_14' title="bbox 390 1955 1487 2048; baseline 0.008 -31"><span class='ocrx_word' id='word_1_111' title='bbox 390 1959 459 2041; x_wconf 79' lang='grc' dir='ltr'><strong><em>φῶς</em></strong></span> <span class='ocrx_word' id='word_1_112' title='bbox 480 1956 586 2041; x_wconf 74' lang='grc' dir='ltr'><strong><em>ἕτερόν</em></strong></span> <span class='ocrx_word' id='word_1_113' title='bbox 603 1979 637 2020; x_wconf 86' lang='grc' dir='ltr'><strong><em>τε</em></strong></span> <span class='ocrx_word' id='word_1_114' title='bbox 658 1958 714 2022; x_wconf 80' lang='grc' dir='ltr'><strong><em>καί</em></strong></span> <span class='ocrx_word' id='word_1_115' title='bbox 738 1955 882 2027; x_wconf 84' lang='grc' dir='ltr'><strong><em>ἀκτιστον</em></strong></span> <span class='ocrx_word' id='word_1_116' title='bbox 903 1962 936 2024; x_wconf 87' lang='grc' dir='ltr'><strong><em>ἐκ</em></strong></span> <span class='ocrx_word' id='word_1_117' title='bbox 958 1964 1137 2045; x_wconf 80' lang='grc' dir='ltr'><strong><em>μεταβολῆς</em></strong></span> <span class='ocrx_word' id='word_1_118' title='bbox 1158 1960 1238 2048; x_wconf 85' lang='grc' dir='ltr'><strong><em>πρὸς</em></strong></span> <span class='ocrx_word' id='word_1_119' title='bbox 1257 1960 1292 2026; x_wconf 87' lang='grc' dir='ltr'><strong><em>τό</em></strong></span> <span class='ocrx_word' id='word_1_120' title='bbox 1314 1960 1487 2047; x_wconf 77' lang='grc' dir='ltr'><strong><em>ἀφειμένον</em></strong></span> 
     </span>
     <span class='ocr_line' id='line_1_15' title="bbox 388 2055 1484 2148; baseline 0.007 -29"><span class='ocrx_word' id='word_1_121' title='bbox 388 2056 550 2142; x_wconf 88' lang='grc' dir='ltr'><strong><em>γινόμενον</em></strong></span> <span class='ocrx_word' id='word_1_122' title='bbox 573 2055 660 2144; x_wconf 72' lang='grc' dir='ltr'><strong><em>αύτῷ</em></strong></span> <span class='ocrx_word' id='word_1_123' title='bbox 680 2063 844 2144; x_wconf 77' lang='grc' dir='ltr'><strong><em>τρυφῶντι</em></strong></span> <span class='ocrx_word' id='word_1_124' title='bbox 867 2061 922 2125; x_wconf 91' lang='grc' dir='ltr'><strong><em>καί</em></strong></span> <span class='ocrx_word' id='word_1_125' title='bbox 941 2063 1175 2148; x_wconf 79' lang='grc' dir='ltr'><strong><em>βλακευομένιρ.</em></strong></span> <span class='ocrx_word' id='word_1_126' title='bbox 1197 2065 1296 2128; x_wconf 78' lang='grc' dir='ltr'><strong><em>ταῦτα</em></strong></span> <span class='ocrx_word' id='word_1_127' title='bbox 1312 2060 1350 2147; x_wconf 83' lang='grc' dir='ltr'><strong><em>δή</em></strong></span> <span class='ocrx_word' id='word_1_128' title='bbox 1372 2064 1484 2139; x_wconf 88' lang='grc' dir='ltr'><strong><em>πάντα,</em></strong></span> 
     </span>
    </p>

    <p class='ocr_par' dir='ltr' id='par_1_5' title="bbox 347 2155 1545 2641">
     <span class='ocr_line' id='line_1_16' title="bbox 347 2155 1484 2244; baseline 0.006 -27"><span class='ocrx_word' id='word_1_129' title='bbox 347 2155 443 2235; x_wconf 63' lang='grc' dir='ltr'><strong><em>15καί</em></strong></span> <span class='ocrx_word' id='word_1_130' title='bbox 463 2157 491 2218; x_wconf 78' lang='grc' dir='ltr'><strong><em>εἰ</em></strong></span> <span class='ocrx_word' id='word_1_131' title='bbox 511 2181 542 2219; x_wconf 92' lang='grc' dir='ltr'><strong><em>τι</em></strong></span> <span class='ocrx_word' id='word_1_132' title='bbox 563 2156 681 2221; x_wconf 90' lang='grc' dir='ltr'><strong><em>τούτων</em></strong></span> <span class='ocrx_word' id='word_1_133' title='bbox 703 2158 857 2237; x_wconf 84' lang='grc' dir='ltr'><strong><em>ἐπέκεινα,</em></strong></span> <span class='ocrx_word' id='word_1_134' title='bbox 880 2161 1050 2244; x_wconf 81' lang='grc' dir='ltr'><strong><em>προτάσεις</em></strong></span> <span class='ocrx_word' id='word_1_135' title='bbox 1067 2163 1154 2237; x_wconf 88' lang='grc' dir='ltr'><strong><em>τινάς</em></strong></span> <span class='ocrx_word' id='word_1_136' title='bbox 1187 2161 1359 2236; x_wconf 68' lang='grc' dir='ltr'><strong><em>ἐκτιθέντες</em></strong></span> <span class='ocrx_word' id='word_1_137' title='bbox 1381 2160 1484 2244; x_wconf 87' lang='grc' dir='ltr'><strong><em>ἀναμ-</em></strong></span> 
     </span>
     <span class='ocr_line' id='line_1_17' title="bbox 390 2254 1483 2344; baseline 0.005 -27"><span class='ocrx_word' id='word_1_138' title='bbox 390 2254 543 2340; x_wconf 74' lang='grc' dir='ltr'><strong><em>τριβόλους</em></strong></span> <span class='ocrx_word' id='word_1_139' title='bbox 572 2255 850 2342; x_wconf 71' lang='grc' dir='ltr'><strong><em>ἀναμφισβήτητον</em></strong></span> <span class='ocrx_word' id='word_1_140' title='bbox 881 2256 923 2334; x_wconf 81' lang='grc' dir='ltr'><strong><em>ιύς</em></strong></span> <span class='ocrx_word' id='word_1_141' title='bbox 960 2257 1044 2334; x_wconf 81' lang='grc' dir='ltr'><strong><em>εἰκός</em></strong></span> <span class='ocrx_word' id='word_1_142' title='bbox 1071 2262 1186 2344; x_wconf 81' lang='grc' dir='ltr'><strong><em>ἐπῆγον</em></strong></span> <span class='ocrx_word' id='word_1_143' title='bbox 1214 2260 1270 2323; x_wconf 78' lang='lat' dir='ltr'><strong>uui</strong></span> <span class='ocrx_word' id='word_1_144' title='bbox 1297 2257 1332 2325; x_wconf 85' lang='grc' dir='ltr'><strong><em>τό</em></strong></span> <span class='ocrx_word' id='word_1_145' title='bbox 1358 2262 1483 2343; x_wconf 88' lang='grc' dir='ltr'><strong><em>συμπέ-</em></strong></span> 
     </span>
     <span class='ocr_line' id='line_1_18' title="bbox 388 2356 1545 2444; baseline 0.005 -26"><span class='ocrx_word' id='word_1_146' title='bbox 388 2380 508 2441; x_wconf 87' lang='grc' dir='ltr'><strong><em>ρασμα,</em></strong></span> <span class='ocrx_word' id='word_1_147' title='bbox 532 2358 612 2439; x_wconf 84' lang='grc' dir='ltr'><strong><em>λέγω</em></strong></span> <span class='ocrx_word' id='word_1_148' title='bbox 648 2356 685 2439; x_wconf 80' lang='grc' dir='ltr'><strong><em>δή</em></strong></span> <span class='ocrx_word' id='word_1_149' title='bbox 719 2356 753 2420; x_wconf 85' lang='grc' dir='ltr'><strong><em>τὸ</em></strong></span> <span class='ocrx_word' id='word_1_150' title='bbox 778 2359 995 2424; x_wconf 86' lang='grc' dir='ltr'><strong><em>Μασαλιανὸν</em></strong></span> <span class='ocrx_word' id='word_1_151' title='bbox 1016 2356 1173 2442; x_wconf 85' lang='grc' dir='ltr'><strong><em>ύπάρχειν</em></strong></span> <span class='ocrx_word' id='word_1_152' title='bbox 1207 2357 1302 2423; x_wconf 77' lang='grc' dir='ltr'><strong><em>αὐτόν</em></strong></span> <span class='ocrx_word' id='word_1_153' title='bbox 1324 2362 1356 2437; x_wconf 80' lang='grc' dir='ltr'><strong><em>ἐξ</em></strong></span> <span class='ocrx_word' id='word_1_154' title='bbox 1380 2360 1508 2444; x_wconf 61' lang='grc' dir='ltr'><strong><em>ἀρχῆς</em></strong></span> <span class='ocrx_word' id='word_1_155' title='bbox 1542 2435 1545 2439; x_wconf 36' lang='grc'><strong><em>,</em></strong></span> 
     </span>
     <span class='ocr_line' id='line_1_19' title="bbox 387 2453 1481 2549; baseline 0.002 -29"><span class='ocrx_word' id='word_1_156' title='bbox 387 2456 494 2521; x_wconf 86' lang='grc' dir='ltr'><strong><em>τεκαί</em></strong></span> <span class='ocrx_word' id='word_1_157' title='bbox 512 2456 611 2541; x_wconf 87' lang='grc' dir='ltr'><strong><em>μέχρι</em></strong></span> <span class='ocrx_word' id='word_1_158' title='bbox 628 2456 764 2541; x_wconf 89' lang='grc' dir='ltr'><strong><em>τήμερον</em></strong></span> <span class='ocrx_word' id='word_1_159' title='bbox 782 2458 1032 2549; x_wconf 81' lang='grc' dir='ltr'><strong><em>άναμφιλειιτον·</em></strong></span> <span class='ocrx_word' id='word_1_160' title='bbox 1057 2453 1139 2523; x_wconf 78' lang='grc' dir='ltr'><strong><em>εἶναι</em></strong></span> <span class='ocrx_word' id='word_1_161' title='bbox 1160 2458 1221 2545; x_wconf 89' lang='grc' dir='ltr'><strong><em>γάρ</em></strong></span> <span class='ocrx_word' id='word_1_162' title='bbox 1242 2459 1368 2543; x_wconf 69' lang='grc' dir='ltr'><strong><em>ἀξίωμα</em></strong></span> <span class='ocrx_word' id='word_1_163' title='bbox 1388 2462 1481 2525; x_wconf 81' lang='grc' dir='ltr'><strong><em>τούτο</em></strong></span> 
     </span>
     <span class='ocr_line' id='line_1_20' title="bbox 386 2555 1480 2641; baseline 0.001 -22"><span class='ocrx_word' id='word_1_164' title='bbox 386 2555 488 2619; x_wconf 89' lang='grc' dir='ltr'><strong><em>πάλαι</em></strong></span> <span class='ocrx_word' id='word_1_165' title='bbox 510 2556 659 2639; x_wconf 82' lang='grc' dir='ltr'><strong><em>κυρωθὲν</em></strong></span> <span class='ocrx_word' id='word_1_166' title='bbox 678 2563 744 2631; x_wconf 84' lang='grc' dir='ltr'><strong><em>τοῖς</em></strong></span> <span class='ocrx_word' id='word_1_167' title='bbox 763 2580 796 2621; x_wconf 89' lang='grc' dir='ltr'><strong><em>τε</em></strong></span> <span class='ocrx_word' id='word_1_168' title='bbox 818 2557 963 2641; x_wconf 87' lang='grc' dir='ltr'><strong><em>θύραθεν</em></strong></span> <span class='ocrx_word' id='word_1_169' title='bbox 984 2559 1041 2622; x_wconf 66' lang='lat' dir='ltr'><strong><em>xus*</em></strong></span> <span class='ocrx_word' id='word_1_170' title='bbox 1060 2555 1224 2641; x_wconf 75' lang='grc' dir='ltr'><strong><em>ἡμετέροις</em></strong></span> <span class='ocrx_word' id='word_1_171' title='bbox 1241 2561 1304 2622; x_wconf 75' lang='grc' dir='ltr'><strong><em>ταῖν</em></strong></span> <span class='ocrx_word' id='word_1_172' title='bbox 1327 2558 1480 2621; x_wconf 83' lang='grc' dir='ltr'><strong><em>διδασκά-</em></strong></span> 
     </span>
    </p>
   </div>
   <div class='ocr_carea' id='block_1_3' title="bbox 341 2652 1545 3048">
    <p class='ocr_par' dir='ltr' id='par_1_6' title="bbox 341 2652 1545 3048">
     <span class='ocr_line' id='line_1_21' title="bbox 341 2652 1482 2743; baseline 0.002 -25"><span class='ocrx_word' id='word_1_173' title='bbox 341 2652 458 2732; x_wconf 66' lang='grc' dir='ltr'><strong><em>θθλων,</em></strong></span> <span class='ocrx_word' id='word_1_174' title='bbox 480 2656 512 2733; x_wconf 83' lang='grc' dir='ltr'><strong><em>ἐξ</em></strong></span> <span class='ocrx_word' id='word_1_175' title='bbox 538 2654 667 2739; x_wconf 77' lang='grc' dir='ltr'><strong><em>ἀληθῶν</em></strong></span> <span class='ocrx_word' id='word_1_176' title='bbox 689 2657 744 2733; x_wconf 77' lang='grc' dir='ltr'><strong><em>καὶ</em></strong></span> <span class='ocrx_word' id='word_1_177' title='bbox 766 2657 1009 2743; x_wconf 85' lang='grc' dir='ltr'><strong><em>ἀναμφιλέκτων</em></strong></span> <span class='ocrx_word' id='word_1_178' title='bbox 1028 2655 1181 2742; x_wconf 81' lang='grc' dir='ltr'><strong><em>ύρωνκαέ</em></strong></span> <span class='ocrx_word' id='word_1_179' title='bbox 1199 2657 1382 2742; x_wconf 87' lang='grc' dir='ltr'><strong><em>προτάσεως</em></strong></span> <span class='ocrx_word' id='word_1_180' title='bbox 1404 2656 1482 2741; x_wconf 85' lang='grc' dir='ltr'><strong><em>ἀλη-</em></strong></span> 
     </span>
     <span class='ocr_line' id='line_1_22' title="bbox 385 2751 1480 2843; baseline 0.001 -24"><span class='ocrx_word' id='word_1_181' title='bbox 385 2757 442 2831; x_wconf 84' lang='grc' dir='ltr'><strong><em>θὲς</em></strong></span> <span class='ocrx_word' id='word_1_182' title='bbox 463 2754 545 2839; x_wconf 85' lang='grc' dir='ltr'><strong><em>όμοῦ</em></strong></span> <span class='ocrx_word' id='word_1_183' title='bbox 568 2757 623 2821; x_wconf 93' lang='grc' dir='ltr'><strong><em>καί</em></strong></span> <span class='ocrx_word' id='word_1_184' title='bbox 652 2755 931 2842; x_wconf 82' lang='grc' dir='ltr'><strong><em>ἀναντέρρητονέξ</em></strong></span> <span class='ocrx_word' id='word_1_185' title='bbox 957 2756 1093 2843; x_wconf 88' lang='grc' dir='ltr'><strong><em>ἀνάγκης</em></strong></span> <span class='ocrx_word' id='word_1_186' title='bbox 1122 2751 1203 2822; x_wconf 83' lang='grc' dir='ltr'><strong><em>εἶναι</em></strong></span> <span class='ocrx_word' id='word_1_187' title='bbox 1223 2757 1332 2823; x_wconf 76' lang='grc' dir='ltr'><strong><em>καὶτὸ</em></strong></span> <span class='ocrx_word' id='word_1_188' title='bbox 1356 2758 1480 2839; x_wconf 88' lang='grc' dir='ltr'><strong><em>συμπέ-</em></strong></span> 
     </span>
     <span class='ocr_line' id='line_1_23' title="bbox 386 2853 1545 2942; baseline 0.005 -22"><span class='ocrx_word' id='word_1_189' title='bbox 386 2868 507 2942; x_wconf 72' lang='grc' dir='ltr'><strong><em>ρασμαὲ</em></strong></span> <span class='ocrx_word' id='word_1_190' title='bbox 556 2858 611 2921; x_wconf 80' lang='grc' dir='ltr'><strong><em>καί</em></strong></span> <span class='ocrx_word' id='word_1_191' title='bbox 641 2858 712 2937; x_wconf 83' lang='grc' dir='ltr'><strong><em>τάχ’</em></strong></span> <span class='ocrx_word' id='word_1_192' title='bbox 737 2853 775 2920; x_wconf 83' lang='grc' dir='ltr'><strong><em>ἀν</em></strong></span> <span class='ocrx_word' id='word_1_193' title='bbox 797 2859 946 2935; x_wconf 81' lang='grc' dir='ltr'><strong><em>ἐξωθεῖτο</em></strong></span> <span class='ocrx_word' id='word_1_194' title='bbox 972 2861 1029 2942; x_wconf 83' lang='grc' dir='ltr'><strong><em>τῆς</em></strong></span> <span class='ocrx_word' id='word_1_195' title='bbox 1058 2859 1264 2942; x_wconf 83' lang='grc' dir='ltr'><strong><em>ἐπισκοπικῆς</em></strong></span> <span class='ocrx_word' id='word_1_196' title='bbox 1287 2856 1377 2935; x_wconf 80' lang='grc' dir='ltr'><strong><em>ἀξιάς</em></strong></span> <span class='ocrx_word' id='word_1_197' title='bbox 1399 2857 1545 2934; x_wconf 62' lang='lat' dir='ltr'><strong>rorem</strong></span> 
     </span>
     <span class='ocr_line' id='line_1_24' title="bbox 384 2955 1479 3048; baseline 0.003 -31"><span class='ocrx_word' id='word_1_198' title='bbox 384 2957 413 3019; x_wconf 79' lang='grc' dir='ltr'><strong><em>εἴ</em></strong></span> <span class='ocrx_word' id='word_1_199' title='bbox 429 2957 475 3041; x_wconf 86' lang='grc' dir='ltr'><strong><em>μή</em></strong></span> <span class='ocrx_word' id='word_1_200' title='bbox 498 2958 599 3048; x_wconf 72' lang='grc' dir='ltr'><strong><em>δειλίη</em></strong></span> <span class='ocrx_word' id='word_1_201' title='bbox 621 2959 677 3023; x_wconf 93' lang='grc' dir='ltr'><strong><em>καί</em></strong></span> <span class='ocrx_word' id='word_1_202' title='bbox 691 2956 780 3045; x_wconf 82' lang='grc' dir='ltr'><strong><em>φόβιρ</em></strong></span> <span class='ocrx_word' id='word_1_203' title='bbox 797 2957 970 3039; x_wconf 76' lang='grc' dir='ltr'><strong><em>συσχεθεὶς</em></strong></span> <span class='ocrx_word' id='word_1_204' title='bbox 989 2956 1083 3034; x_wconf 85' lang='grc' dir='ltr'><strong><em>αύτός</em></strong></span> <span class='ocrx_word' id='word_1_205' title='bbox 1102 2955 1334 3045; x_wconf 80' lang='grc' dir='ltr'><strong><em>ύπερβάλλοντι</em></strong></span> <span class='ocrx_word' id='word_1_206' title='bbox 1349 2955 1406 3043; x_wconf 91' lang='grc' dir='ltr'><strong><em>τήν</em></strong></span> <span class='ocrx_word' id='word_1_207' title='bbox 1419 2956 1479 3040; x_wconf 82' lang='grc' dir='ltr'><strong><em>μὲν</em></strong></span> 
     </span>
    </p>
   </div>
   <div class='ocr_carea' id='block_1_4' title="bbox 318 3282 1489 4551">
    <p class='ocr_par' dir='ltr' id='par_1_7' title="bbox 318 3282 1489 4551">
     <span class='ocr_line' id='line_1_25' title="bbox 381 3282 1478 3353; baseline 0.002 -18"><span class='ocrx_word' id='word_1_208' title='bbox 381 3290 476 3352; x_wconf 85' lang='lat' dir='ltr'><strong>putans</strong></span> <span class='ocrx_word' id='word_1_209' title='bbox 504 3296 537 3334; x_wconf 86' lang='lat' dir='ltr'><strong><em>eo</em></strong></span> <span class='ocrx_word' id='word_1_210' title='bbox 561 3299 590 3335; x_wconf 85' lang='lat' dir='ltr'><strong><em>se</em></strong></span> <span class='ocrx_word' id='word_1_211' title='bbox 609 3284 741 3353; x_wconf 80' lang='lat' dir='ltr'><strong>refugium</strong></span> <span class='ocrx_word' id='word_1_212' title='bbox 765 3282 865 3336; x_wconf 85' lang='lat' dir='ltr'><strong>habero</strong></span> <span class='ocrx_word' id='word_1_213' title='bbox 893 3284 925 3337; x_wconf 87' lang='lat' dir='ltr'><strong><em>ad</em></strong></span> <span class='ocrx_word' id='word_1_214' title='bbox 952 3284 1145 3336; x_wconf 76' lang='lat' dir='ltr'>defensionem.</span> <span class='ocrx_word' id='word_1_215' title='bbox 1188 3282 1267 3334; x_wconf 86' lang='lat' dir='ltr'><strong>tertio</strong></span> <span class='ocrx_word' id='word_1_216' title='bbox 1292 3297 1381 3347; x_wconf 80' lang='lat' dir='ltr'><strong>vero,</strong></span> <span class='ocrx_word' id='word_1_217' title='bbox 1407 3282 1478 3351; x_wconf 78' lang='lat' dir='ltr'><strong>quoi</strong></span> 
     </span>
     <span class='ocr_line' id='line_1_26' title="bbox 382 3353 1478 3421; baseline -0.005 -14"><span class='ocrx_word' id='word_1_218' title='bbox 382 3356 554 3419; x_wconf 86' lang='lat' dir='ltr'><strong>Scorpionem</strong></span> <span class='ocrx_word' id='word_1_219' title='bbox 574 3355 625 3404; x_wconf 88' lang='lat' dir='ltr'><strong>iam</strong></span> <span class='ocrx_word' id='word_1_220' title='bbox 645 3354 727 3421; x_wconf 72' lang='lat' dir='ltr'><strong>longo</strong></span> <span class='ocrx_word' id='word_1_221' title='bbox 748 3370 782 3413; x_wconf 79' lang='lat' dir='ltr'><strong><em>an</em></strong></span> <span class='ocrx_word' id='word_1_222' title='bbox 799 3362 918 3420; x_wconf 84' lang='lat' dir='ltr'><strong>temporo</strong></span> <span class='ocrx_word' id='word_1_223' title='bbox 936 3362 1087 3405; x_wconf 86' lang='lat' dir='ltr'><strong>accusatum</strong></span> <span class='ocrx_word' id='word_1_224' title='bbox 1107 3353 1152 3421; x_wconf 90' lang='lat' dir='ltr'><strong>qui</strong></span> <span class='ocrx_word' id='word_1_225' title='bbox 1169 3353 1267 3419; x_wconf 86' lang='lat' dir='ltr'><strong>primas</strong></span> <span class='ocrx_word' id='word_1_226' title='bbox 1286 3368 1392 3419; x_wconf 88' lang='lat' dir='ltr'><strong>semper</strong></span> <span class='ocrx_word' id='word_1_227' title='bbox 1413 3368 1478 3420; x_wconf 85' lang='lat' dir='ltr'><strong>par.</strong></span> 
     </span>
     <span class='ocr_line' id='line_1_27' title="bbox 382 3422 1476 3491; baseline -0.002 -14"><span class='ocrx_word' id='word_1_228' title='bbox 382 3433 422 3477; x_wconf 92' lang='lat' dir='ltr'><strong><em>tes</em></strong></span> <span class='ocrx_word' id='word_1_229' title='bbox 443 3427 469 3476; x_wconf 94' lang='lat' dir='ltr'><strong>in</strong></span> <span class='ocrx_word' id='word_1_230' title='bbox 493 3424 599 3476; x_wconf 84' lang='lat' dir='ltr'><strong>haeresi</strong></span> <span class='ocrx_word' id='word_1_231' title='bbox 619 3422 666 3475; x_wconf 86' lang='lat' dir='ltr'><strong>illu</strong></span> <span class='ocrx_word' id='word_1_232' title='bbox 688 3431 844 3488; x_wconf 82' lang='lat' dir='ltr'><strong>exerceret,</strong></span> <span class='ocrx_word' id='word_1_233' title='bbox 870 3432 897 3475; x_wconf 92' lang='lat' dir='ltr'><strong><em>et</em></strong></span> <span class='ocrx_word' id='word_1_234' title='bbox 923 3425 950 3475; x_wconf 92' lang='lat' dir='ltr'><strong>in</strong></span> <span class='ocrx_word' id='word_1_235' title='bbox 970 3440 1047 3490; x_wconf 85' lang='lat' dir='ltr'><strong>quem</strong></span> <span class='ocrx_word' id='word_1_236' title='bbox 1068 3423 1267 3487; x_wconf 87' lang='lat' dir='ltr'><strong>multu.aoripta</strong></span> <span class='ocrx_word' id='word_1_237' title='bbox 1287 3422 1396 3491; x_wconf 77' lang='lat' dir='ltr'><strong>vulgata</strong></span> <span class='ocrx_word' id='word_1_238' title='bbox 1414 3431 1476 3475; x_wconf 90' lang='lat' dir='ltr'><strong>sunt</strong></span> 
     </span>
     <span class='ocr_line' id='line_1_28' title="bbox 382 3492 1478 3563; baseline -0.006 -15"><span class='ocrx_word' id='word_1_239' title='bbox 382 3496 482 3548; x_wconf 80' lang='lat' dir='ltr'><strong>oriris</strong></span> <span class='ocrx_word' id='word_1_240' title='bbox 504 3496 530 3546; x_wconf 92' lang='lat' dir='ltr'><strong>in</strong></span> <span class='ocrx_word' id='word_1_241' title='bbox 549 3502 639 3563; x_wconf 82' lang='lat' dir='ltr'><strong>monte</strong></span> <span class='ocrx_word' id='word_1_242' title='bbox 659 3493 823 3559; x_wconf 84' lang='lat' dir='ltr'><strong>praeclaris,</strong></span> <span class='ocrx_word' id='word_1_243' title='bbox 853 3509 922 3561; x_wconf 84' lang='lat' dir='ltr'><strong>quae</strong></span> <span class='ocrx_word' id='word_1_244' title='bbox 951 3494 1037 3562; x_wconf 86' lang='lat' dir='ltr'><strong>palum</strong></span> <span class='ocrx_word' id='word_1_245' title='bbox 1060 3501 1087 3545; x_wconf 88' lang='lat' dir='ltr'><strong>ct</strong></span> <span class='ocrx_word' id='word_1_246' title='bbox 1104 3492 1190 3545; x_wconf 83' lang='lat' dir='ltr'><strong>sdhuc</strong></span> <span class='ocrx_word' id='word_1_247' title='bbox 1211 3492 1330 3544; x_wconf 79' lang='lat' dir='ltr'><strong>florentin</strong></span> <span class='ocrx_word' id='word_1_248' title='bbox 1352 3494 1478 3559; x_wconf 84' lang='lat' dir='ltr'><strong>impieta.</strong></span> 
     </span>
     <span class='ocr_line' id='line_1_29' title="bbox 381 3564 1477 3633; baseline -0.003 -15"><span class='ocrx_word' id='word_1_249' title='bbox 381 3568 416 3619; x_wconf 84' lang='lat' dir='ltr'><strong>tis</strong></span> <span class='ocrx_word' id='word_1_250' title='bbox 436 3581 493 3618; x_wconf 89' lang='lat' dir='ltr'><strong><em>eum</em></strong></span> <span class='ocrx_word' id='word_1_251' title='bbox 513 3566 705 3629; x_wconf 84' lang='lat' dir='ltr'><strong>convicerunt,</strong></span> <span class='ocrx_word' id='word_1_252' title='bbox 736 3566 795 3632; x_wconf 85' lang='lat' dir='ltr'><strong>ipse</strong></span> <span class='ocrx_word' id='word_1_253' title='bbox 813 3578 919 3630; x_wconf 88' lang='lat' dir='ltr'><strong>semper</strong></span> <span class='ocrx_word' id='word_1_254' title='bbox 945 3566 1065 3633; x_wconf 74' lang='lat' dir='ltr'><strong><em>protegit</em></strong></span> <span class='ocrx_word' id='word_1_255' title='bbox 1084 3571 1111 3614; x_wconf 87' lang='lat' dir='ltr'><strong>ct</strong></span> <span class='ocrx_word' id='word_1_256' title='bbox 1131 3564 1223 3614; x_wconf 84' lang='lat' dir='ltr'><strong>incitat</strong></span> <span class='ocrx_word' id='word_1_257' title='bbox 1247 3570 1276 3613; x_wconf 92' lang='lat' dir='ltr'><strong><em>ut</em></strong></span> <span class='ocrx_word' id='word_1_258' title='bbox 1293 3572 1477 3630; x_wconf 75' lang='lat' dir='ltr'><strong>propugnator</strong></span> 
     </span>
     <span class='ocr_line' id='line_1_30' title="bbox 382 3634 1476 3704; baseline -0.006 -16"><span class='ocrx_word' id='word_1_259' title='bbox 382 3638 424 3688; x_wconf 89' lang='lat' dir='ltr'><strong><em>cui</em></strong></span> <span class='ocrx_word' id='word_1_260' title='bbox 444 3636 495 3702; x_wconf 85' lang='lat' dir='ltr'><strong>ipsi</strong></span> <span class='ocrx_word' id='word_1_261' title='bbox 515 3650 569 3688; x_wconf 91' lang='lat' dir='ltr'><strong><em>non</em></strong></span> <span class='ocrx_word' id='word_1_262' title='bbox 588 3636 772 3704; x_wconf 79' lang='lat' dir='ltr'><strong>impugnatur,</strong></span> <span class='ocrx_word' id='word_1_263' title='bbox 799 3641 826 3685; x_wconf 86' lang='lat' dir='ltr'><strong>ct</strong></span> <span class='ocrx_word' id='word_1_264' title='bbox 846 3642 875 3686; x_wconf 94' lang='grc' dir='ltr'><strong><em>ιιι</em></strong></span> <span class='ocrx_word' id='word_1_265' title='bbox 895 3634 1019 3686; x_wconf 78' lang='lat' dir='ltr'><strong>columna</strong></span> <span class='ocrx_word' id='word_1_266' title='bbox 1043 3634 1223 3697; x_wconf 78' lang='lat' dir='ltr'><strong>adamantinn3</strong></span> <span class='ocrx_word' id='word_1_267' title='bbox 1243 3635 1313 3700; x_wconf 86' lang='lat' dir='ltr'><strong>quod</strong></span> <span class='ocrx_word' id='word_1_268' title='bbox 1335 3635 1411 3685; x_wconf 81' lang='lat' dir='ltr'><strong>uocis</strong></span> <span class='ocrx_word' id='word_1_269' title='bbox 1429 3643 1476 3686; x_wconf 92' lang='lat' dir='ltr'><strong><em>tu.</em></strong></span> 
     </span>
     <span class='ocr_line' id='line_1_31' title="bbox 380 3704 1474 3759; baseline -0.002 0"><span class='ocrx_word' id='word_1_270' title='bbox 380 3708 490 3759; x_wconf 90' lang='lat' dir='ltr'><strong>multum</strong></span> <span class='ocrx_word' id='word_1_271' title='bbox 512 3707 567 3758; x_wconf 80' lang='lat' dir='ltr'><strong>edit</strong></span> <span class='ocrx_word' id='word_1_272' title='bbox 596 3714 623 3757; x_wconf 89' lang='lat' dir='ltr'><strong><em>et</em></strong></span> <span class='ocrx_word' id='word_1_273' title='bbox 643 3713 739 3757; x_wconf 88' lang='lat' dir='ltr'><strong>terram</strong></span> <span class='ocrx_word' id='word_1_274' title='bbox 758 3704 837 3757; x_wconf 89' lang='lat' dir='ltr'><strong>coelo</strong></span> <span class='ocrx_word' id='word_1_275' title='bbox 869 3708 1024 3757; x_wconf 71' lang='lat' dir='ltr'><strong>commiscet</strong></span> <span class='ocrx_word' id='word_1_276' title='bbox 1049 3712 1076 3755; x_wconf 89' lang='lat' dir='ltr'><strong><em>et</em></strong></span> <span class='ocrx_word' id='word_1_277' title='bbox 1103 3718 1178 3755; x_wconf 83' lang='lat' dir='ltr'><strong>more</strong></span> <span class='ocrx_word' id='word_1_278' title='bbox 1202 3705 1354 3756; x_wconf 89' lang='lat' dir='ltr'><strong>insanorum</strong></span> <span class='ocrx_word' id='word_1_279' title='bbox 1378 3706 1474 3757; x_wconf 88' lang='lat' dir='ltr'><strong>mentis</strong></span> 
     </span>
     <span class='ocr_line' id='line_1_32' title="bbox 380 3774 1475 3846; baseline -0.004 -14"><span class='ocrx_word' id='word_1_280' title='bbox 380 3778 550 3832; x_wconf 69' lang='lat' dir='ltr'><strong><em>stabilitatem</em></strong></span> <span class='ocrx_word' id='word_1_281' title='bbox 568 3784 660 3828; x_wconf 84' lang='lat' dir='ltr'><strong>servat</strong></span> <span class='ocrx_word' id='word_1_282' title='bbox 682 3784 709 3829; x_wconf 86' lang='lat' dir='ltr'><strong><em>et</em></strong></span> <span class='ocrx_word' id='word_1_283' title='bbox 727 3776 803 3846; x_wconf 73' lang='lat' dir='ltr'><strong>pravi</strong></span> <span class='ocrx_word' id='word_1_284' title='bbox 822 3776 1008 3828; x_wconf 72' lang='lat' dir='ltr'><strong>exsecratione</strong></span> <span class='ocrx_word' id='word_1_285' title='bbox 1029 3774 1184 3842; x_wconf 86' lang='lat' dir='ltr'><strong>omnesqui</strong></span> <span class='ocrx_word' id='word_1_286' title='bbox 1203 3775 1273 3826; x_wconf 92' lang='lat' dir='ltr'><strong>omni</strong></span> <span class='ocrx_word' id='word_1_287' title='bbox 1292 3776 1402 3827; x_wconf 88' lang='lat' dir='ltr'><strong>crimine</strong></span> <span class='ocrx_word' id='word_1_288' title='bbox 1424 3791 1475 3828; x_wconf 84' lang='lat' dir='ltr'><strong><em>va·</em></strong></span> 
     </span>
     <span class='ocr_line' id='line_1_33' title="bbox 381 3846 1473 3915; baseline -0.004 -14"><span class='ocrx_word' id='word_1_289' title='bbox 381 3852 424 3901; x_wconf 91' lang='lat' dir='ltr'><strong><em>cni</em></strong></span> <span class='ocrx_word' id='word_1_290' title='bbox 444 3856 505 3901; x_wconf 86' lang='lat' dir='ltr'><strong>sunt</strong></span> <span class='ocrx_word' id='word_1_291' title='bbox 526 3848 684 3903; x_wconf 84' lang='lat' dir='ltr'><strong>condemnat</strong></span> <span class='ocrx_word' id='word_1_292' title='bbox 702 3855 845 3915; x_wconf 86' lang='lat' dir='ltr'><strong>propterea</strong></span> <span class='ocrx_word' id='word_1_293' title='bbox 870 3847 940 3915; x_wconf 85' lang='lat' dir='ltr'><strong>quod</strong></span> <span class='ocrx_word' id='word_1_294' title='bbox 960 3846 1133 3912; x_wconf 79' lang='lat' dir='ltr'><strong>Scorpionem</strong></span> <span class='ocrx_word' id='word_1_295' title='bbox 1151 3859 1278 3897; x_wconf 84' lang='lat' dir='ltr'><strong>accusare</strong></span> <span class='ocrx_word' id='word_1_296' title='bbox 1298 3860 1351 3897; x_wconf 91' lang='lat' dir='ltr'><strong><em>non</em></strong></span> <span class='ocrx_word' id='word_1_297' title='bbox 1370 3847 1473 3897; x_wconf 89' lang='lat' dir='ltr'><strong>timent.</strong></span> 
     </span>
     <span class='ocr_line' id='line_1_34' title="bbox 380 3914 1489 3988; baseline -0.003 -17"><span class='ocrx_word' id='word_1_298' title='bbox 380 3928 471 3988; x_wconf 82' lang='lat' dir='ltr'><strong>quartu</strong></span> <span class='ocrx_word' id='word_1_299' title='bbox 490 3919 625 3987; x_wconf 85' lang='lat' dir='ltr'><strong>denique,</strong></span> <span class='ocrx_word' id='word_1_300' title='bbox 655 3920 725 3987; x_wconf 86' lang='lat' dir='ltr'><strong>quod</strong></span> <span class='ocrx_word' id='word_1_301' title='bbox 753 3918 785 3969; x_wconf 84' lang='lat' dir='ltr'><strong><em>ad</em></strong></span> <span class='ocrx_word' id='word_1_302' title='bbox 803 3918 874 3969; x_wconf 81' lang='lat' dir='ltr'><strong>ltunc</strong></span> <span class='ocrx_word' id='word_1_303' title='bbox 904 3917 972 3968; x_wconf 87' lang='lat' dir='ltr'><strong>diem</strong></span> <span class='ocrx_word' id='word_1_304' title='bbox 995 3914 1223 3982; x_wconf 83' lang='lat' dir='ltr'><strong>comprehendero</strong></span> <span class='ocrx_word' id='word_1_305' title='bbox 1247 3931 1277 3968; x_wconf 87' lang='lat' dir='ltr'><strong><em>ao</em></strong></span> <span class='ocrx_word' id='word_1_306' title='bbox 1305 3916 1370 3968; x_wconf 86' lang='lat' dir='ltr'><strong>dicit</strong></span> <span class='ocrx_word' id='word_1_307' title='bbox 1387 3914 1489 3969; x_wconf 82' lang='lat' dir='ltr'><strong>solum-</strong></span> 
     </span>
     <span class='ocr_line' id='line_1_35' title="bbox 379 3986 1474 4052; baseline -0.001 -13"><span class='ocrx_word' id='word_1_308' title='bbox 379 3988 569 4041; x_wconf 88' lang='lat' dir='ltr'><strong>immutabilem</strong></span> <span class='ocrx_word' id='word_1_309' title='bbox 588 3997 614 4040; x_wconf 87' lang='lat' dir='ltr'><strong><em>et</em></strong></span> <span class='ocrx_word' id='word_1_310' title='bbox 631 3990 777 4040; x_wconf 83' lang='lat' dir='ltr'><strong>increatum</strong></span> <span class='ocrx_word' id='word_1_311' title='bbox 803 3989 896 4052; x_wconf 85' lang='lat' dir='ltr'><strong>deum,</strong></span> <span class='ocrx_word' id='word_1_312' title='bbox 916 3986 1007 4039; x_wconf 88' lang='lat' dir='ltr'><strong>lumen</strong></span> <span class='ocrx_word' id='word_1_313' title='bbox 1026 3987 1138 4038; x_wconf 85' lang='lat' dir='ltr'><strong>altorum</strong></span> <span class='ocrx_word' id='word_1_314' title='bbox 1157 3993 1184 4037; x_wconf 86' lang='lat' dir='ltr'><strong><em>et</em></strong></span> <span class='ocrx_word' id='word_1_315' title='bbox 1201 3988 1367 4051; x_wconf 85' lang='lat' dir='ltr'><strong>increatum,</strong></span> <span class='ocrx_word' id='word_1_316' title='bbox 1392 3996 1421 4039; x_wconf 91' lang='grc' dir='ltr'><strong><em>ιιι</em></strong></span> <span class='ocrx_word' id='word_1_317' title='bbox 1440 4002 1474 4038; x_wconf 82' lang='lat' dir='ltr'><strong>cx</strong></span> 
     </span>
     <span class='ocr_line' id='line_1_36' title="bbox 378 4048 1473 4127; baseline -0.002 -16"><span class='ocrx_word' id='word_1_318' title='bbox 378 4060 554 4113; x_wconf 83' lang='lat' dir='ltr'><strong>translatione</strong></span> <span class='ocrx_word' id='word_1_319' title='bbox 579 4059 611 4111; x_wconf 84' lang='lat' dir='ltr'><strong><em>ad</em></strong></span> <span class='ocrx_word' id='word_1_320' title='bbox 636 4059 783 4112; x_wconf 83' lang='lat' dir='ltr'><strong>subiectum</strong></span> <span class='ocrx_word' id='word_1_321' title='bbox 814 4060 963 4127; x_wconf 88' lang='lat' dir='ltr'><strong>proiectum</strong></span> <span class='ocrx_word' id='word_1_322' title='bbox 990 4057 1117 4109; x_wconf 88' lang='lat' dir='ltr'><strong>insolenti</strong></span> <span class='ocrx_word' id='word_1_323' title='bbox 1142 4055 1183 4107; x_wconf 91' lang='lat' dir='ltr'><strong>illl</strong></span> <span class='ocrx_word' id='word_1_324' title='bbox 1211 4065 1238 4108; x_wconf 88' lang='lat' dir='ltr'><strong>ct</strong></span> <span class='ocrx_word' id='word_1_325' title='bbox 1258 4057 1383 4109; x_wconf 78' lang='lat' dir='ltr'><strong>dementi.</strong></span> <span class='ocrx_word' id='word_1_326' title='bbox 1431 4048 1473 4109; x_wconf 82' lang='lat' dir='ltr'><strong>iiis</strong></span> 
     </span>
     <span class='ocr_line' id='line_1_37' title="bbox 379 4126 1473 4198; baseline -0.005 -15"><span class='ocrx_word' id='word_1_327' title='bbox 379 4145 445 4183; x_wconf 85' lang='lat' dir='ltr'><strong>vcro</strong></span> <span class='ocrx_word' id='word_1_328' title='bbox 465 4139 492 4182; x_wconf 89' lang='lat' dir='ltr'><strong><em>et</em></strong></span> <span class='ocrx_word' id='word_1_329' title='bbox 508 4130 570 4182; x_wconf 82' lang='lat' dir='ltr'><strong>aliis</strong></span> <span class='ocrx_word' id='word_1_330' title='bbox 589 4132 699 4198; x_wconf 87' lang='lat' dir='ltr'><strong>insuper</strong></span> <span class='ocrx_word' id='word_1_331' title='bbox 717 4138 838 4197; x_wconf 87' lang='lat' dir='ltr'><strong>tanquam</strong></span> <span class='ocrx_word' id='word_1_332' title='bbox 862 4129 1089 4197; x_wconf 77' lang='lat' dir='ltr'><strong>propositionibus</strong></span> <span class='ocrx_word' id='word_1_333' title='bbox 1117 4126 1229 4193; x_wconf 87' lang='lat' dir='ltr'><strong>prolatis</strong></span> <span class='ocrx_word' id='word_1_334' title='bbox 1249 4130 1357 4180; x_wconf 89' lang='lat' dir='ltr'><strong>minimo</strong></span> <span class='ocrx_word' id='word_1_335' title='bbox 1376 4128 1473 4192; x_wconf 86' lang='lat' dir='ltr'><strong>dubiis,</strong></span> 
     </span>
     <span class='ocr_line' id='line_1_38' title="bbox 377 4197 1473 4263; baseline -0.003 -10"><span class='ocrx_word' id='word_1_336' title='bbox 377 4210 406 4255; x_wconf 93' lang='grc' dir='ltr'><strong><em>ιιι</em></strong></span> <span class='ocrx_word' id='word_1_337' title='bbox 425 4208 631 4254; x_wconf 84' lang='lat' dir='ltr'><strong>consentaneum</strong></span> <span class='ocrx_word' id='word_1_338' title='bbox 661 4208 702 4253; x_wconf 86' lang='lat' dir='ltr'><strong><em>est</em></strong></span> <span class='ocrx_word' id='word_1_339' title='bbox 732 4201 933 4253; x_wconf 74' lang='lat' dir='ltr'><strong>conclusionem</strong></span> <span class='ocrx_word' id='word_1_340' title='bbox 959 4213 1014 4251; x_wconf 92' lang='lat' dir='ltr'><strong><em>non</em></strong></span> <span class='ocrx_word' id='word_1_341' title='bbox 1043 4198 1147 4250; x_wconf 85' lang='lat' dir='ltr'><strong>dubiam</strong></span> <span class='ocrx_word' id='word_1_342' title='bbox 1173 4197 1346 4263; x_wconf 83' lang='lat' dir='ltr'><strong>adiecerunt,</strong></span> <span class='ocrx_word' id='word_1_343' title='bbox 1366 4198 1473 4250; x_wconf 86' lang='lat' dir='ltr'><strong>scilicet</strong></span> 
     </span>
     <span class='ocr_line' id='line_1_39' title="bbox 376 4268 1473 4335; baseline -0.004 -11"><span class='ocrx_word' id='word_1_344' title='bbox 376 4275 443 4325; x_wconf 84' lang='lat' dir='ltr'><strong>citra</strong></span> <span class='ocrx_word' id='word_1_345' title='bbox 469 4273 678 4323; x_wconf 87' lang='lat' dir='ltr'><strong>controversiam</strong></span> <span class='ocrx_word' id='word_1_346' title='bbox 706 4286 782 4335; x_wconf 84' lang='lat' dir='ltr'><strong>erse,</strong></span> <span class='ocrx_word' id='word_1_347' title='bbox 804 4287 860 4323; x_wconf 90' lang='lat' dir='ltr'><strong>cnm</strong></span> <span class='ocrx_word' id='word_1_348' title='bbox 882 4270 915 4322; x_wconf 87' lang='lat' dir='ltr'><strong><em>ab</em></strong></span> <span class='ocrx_word' id='word_1_349' title='bbox 935 4270 1012 4322; x_wconf 92' lang='lat' dir='ltr'><strong>initio</strong></span> <span class='ocrx_word' id='word_1_350' title='bbox 1041 4277 1068 4321; x_wconf 93' lang='lat' dir='ltr'><strong><em>et</em></strong></span> <span class='ocrx_word' id='word_1_351' title='bbox 1086 4269 1120 4322; x_wconf 87' lang='lat' dir='ltr'><strong><em>ad</em></strong></span> <span class='ocrx_word' id='word_1_352' title='bbox 1138 4268 1172 4321; x_wconf 84' lang='lat' dir='ltr'><strong>id</strong></span> <span class='ocrx_word' id='word_1_353' title='bbox 1189 4275 1294 4335; x_wconf 87' lang='lat' dir='ltr'><strong>tempus</strong></span> <span class='ocrx_word' id='word_1_354' title='bbox 1312 4268 1473 4322; x_wconf 83' lang='lat' dir='ltr'><strong>llasalianae</strong></span> 
     </span>
     <span class='ocr_line' id='line_1_40' title="bbox 377 4339 1472 4406; baseline -0.002 -11"><span class='ocrx_word' id='word_1_355' title='bbox 377 4344 482 4396; x_wconf 83' lang='lat' dir='ltr'><strong>haeresi</strong></span> <span class='ocrx_word' id='word_1_356' title='bbox 501 4344 632 4395; x_wconf 87' lang='lat' dir='ltr'><strong>addictum</strong></span> <span class='ocrx_word' id='word_1_357' title='bbox 648 4343 684 4395; x_wconf 87' lang='lat' dir='ltr'><strong>iu&#39;</strong></span> <span class='ocrx_word' id='word_1_358' title='bbox 733 4378 741 4395; x_wconf 90' lang='lat'><strong>.</strong></span> <span class='ocrx_word' id='word_1_359' title='bbox 779 4342 830 4393; x_wconf 89' lang='lat' dir='ltr'><strong><em>hoo</em></strong></span> <span class='ocrx_word' id='word_1_360' title='bbox 850 4342 1037 4394; x_wconf 84' lang='lat' dir='ltr'><strong>enimuriorna</strong></span> <span class='ocrx_word' id='word_1_361' title='bbox 1059 4339 1137 4391; x_wconf 81' lang='lat' dir='ltr'><strong>vaide</strong></span> <span class='ocrx_word' id='word_1_362' title='bbox 1156 4340 1294 4406; x_wconf 86' lang='lat' dir='ltr'><strong>probatum</strong></span> <span class='ocrx_word' id='word_1_363' title='bbox 1315 4348 1355 4391; x_wconf 88' lang='lat' dir='ltr'><strong><em>est</em></strong></span> <span class='ocrx_word' id='word_1_364' title='bbox 1375 4347 1401 4390; x_wconf 85' lang='lat' dir='ltr'><strong><em>ot</em></strong></span> <span class='ocrx_word' id='word_1_365' title='bbox 1423 4354 1472 4394; x_wconf 72' lang='lat' dir='ltr'><strong><em>ex.</em></strong></span> 
     </span>
     <span class='ocr_line' id='line_1_41' title="bbox 318 4409 1472 4479; baseline -0.006 -11"><span class='ocrx_word' id='word_1_366' title='bbox 318 4446 322 4461; x_wconf 87' lang='lat'>·</span> <span class='ocrx_word' id='word_1_367' title='bbox 374 4417 459 4468; x_wconf 85' lang='lat' dir='ltr'><strong>ternis</strong></span> <span class='ocrx_word' id='word_1_368' title='bbox 479 4422 506 4466; x_wconf 89' lang='lat' dir='ltr'><strong><em>et</em></strong></span> <span class='ocrx_word' id='word_1_369' title='bbox 524 4415 632 4479; x_wconf 82' lang='lat' dir='ltr'><strong>nostrin,</strong></span> <span class='ocrx_word' id='word_1_370' title='bbox 645 4429 685 4465; x_wconf 89' lang='lat' dir='ltr'><strong><em>mu</em></strong></span> <span class='ocrx_word' id='word_1_371' title='bbox 732 4415 789 4478; x_wconf 85' lang='lat' dir='ltr'><strong>tris,</strong></span> <span class='ocrx_word' id='word_1_372' title='bbox 809 4415 911 4466; x_wconf 79' lang='lat' dir='ltr'><strong>everis</strong></span> <span class='ocrx_word' id='word_1_373' title='bbox 927 4420 955 4464; x_wconf 89' lang='lat' dir='ltr'><strong><em>et</em></strong></span> <span class='ocrx_word' id='word_1_374' title='bbox 971 4426 1026 4463; x_wconf 95' lang='lat' dir='ltr'><strong><em>non</em></strong></span> <span class='ocrx_word' id='word_1_375' title='bbox 1040 4411 1170 4478; x_wconf 70' lang='lat' dir='ltr'><strong>ambignir</strong></span> <span class='ocrx_word' id='word_1_376' title='bbox 1184 4409 1409 4477; x_wconf 85' lang='lat' dir='ltr'><strong>propositionibus</strong></span> <span class='ocrx_word' id='word_1_377' title='bbox 1420 4425 1472 4461; x_wconf 81' lang='lat' dir='ltr'><strong><em>ve.</em></strong></span> 
     </span>
     <span class='ocr_line' id='line_1_42' title="bbox 373 4482 1476 4551; baseline -0.004 -10"><span class='ocrx_word' id='word_1_378' title='bbox 373 4502 429 4541; x_wconf 87' lang='grc' dir='ltr'><strong><em>ιιιιι</em></strong></span> <span class='ocrx_word' id='word_1_379' title='bbox 448 4495 474 4539; x_wconf 88' lang='lat' dir='ltr'><strong><em>et</em></strong></span> <span class='ocrx_word' id='word_1_380' title='bbox 494 4486 645 4539; x_wconf 84' lang='lat' dir='ltr'><strong>evidentem</strong></span> <span class='ocrx_word' id='word_1_381' title='bbox 664 4485 863 4537; x_wconf 85' lang='lat' dir='ltr'><strong>conclusionem</strong></span> <span class='ocrx_word' id='word_1_382' title='bbox 882 4483 1037 4539; x_wconf 83' lang='lat' dir='ltr'><strong>necessario</strong></span> <span class='ocrx_word' id='word_1_383' title='bbox 1057 4482 1197 4551; x_wconf 74' lang='lat' dir='ltr'><strong>consequi·</strong></span> <span class='ocrx_word' id='word_1_384' title='bbox 1216 4482 1385 4551; x_wconf 81' lang='lat' dir='ltr'><strong>quomobrem</strong></span> <span class='ocrx_word' id='word_1_385' title='bbox 1403 4483 1476 4537; x_wconf 84' lang='lat' dir='ltr'><strong>iorto.</strong></span> 
     </span>
    </p>
   </div>
   <div class='ocr_carea' id='block_1_5' title="bbox 466 4578 1353 4661">
    <p class='ocr_par' dir='ltr' id='par_1_8' title="bbox 466 4578 1353 4661">
     <span class='ocr_line' id='line_1_43' title="bbox 466 4578 1353 4661; baseline -0.003 -23"><span class='ocrx_word' id='word_1_386' title='bbox 466 4581 631 4661; x_wconf 69' lang='lat' dir='ltr'><strong>llirspimp</strong></span> <span class='ocrx_word' id='word_1_387' title='bbox 649 4580 759 4654; x_wconf 69' lang='lat' dir='ltr'><strong>(irsoum</strong></span> <span class='ocrx_word' id='word_1_388' title='bbox 785 4578 840 4635; x_wconf 77' lang='lat' dir='ltr'><strong>rot.</strong></span> <span class='ocrx_word' id='word_1_389' title='bbox 860 4578 916 4637; x_wconf 82' lang='lat'><em>111.</em></span> <span class='ocrx_word' id='word_1_390' title='bbox 1098 4650 1102 4655; x_wconf 68' lang='lat'>,</span> <span class='ocrx_word' id='word_1_391' title='bbox 1239 4579 1275 4635; x_wconf 75' lang='lat' dir='ltr'><strong><em>to</em></strong></span> <span class='ocrx_word' id='word_1_392' title='bbox 1351 4605 1353 4608; x_wconf 95' lang='lat'>·</span> 
     </span>
    </p>
   </div>
   <div class='ocr_carea' id='block_1_6' title="bbox 0 0 2004 5392">
    <p class='ocr_par' dir='ltr' id='par_1_9' title="bbox 0 0 2004 5392">
     <span class='ocr_line' id='line_1_44' title="bbox 0 0 2004 5392; baseline 0 9"><span class='ocrx_word' id='word_1_393' title='bbox 0 0 2004 5392; x_wconf 95' lang='lat' dir='ltr'><strong><em> </em></strong></span> 
     </span>
    </p>
   </div>
  </div>
 </body>
</html>
