4000 5392
432 618 436 627 ⁴
513 625 587 705 εον
812 630 1039 703 nrcsruonr
1064 630 1297 700 curconnn

513 795 626 875 ἔλαθε,
661 794 737 882 πρόν
767 793 873 861 ὁτιοῦν
900 794 1085 860 ἀπόνασθαι
1103 798 1158 880 τῆς
1188 798 1350 880 σπουδῆς,
1380 796 1555 883 φρενίτιδι
1574 796 1628 863 κατ’

512 902 613 991 μανίᾳ
635 900 777 981 κάτοχος,
801 895 844 975 τός
858 895 990 983 εἴρηται,
1012 894 1145 983 γεγονός
1167 897 1222 962 tid
1241 896 1416 982 ξηρότητος
1438 895 1624 982 όπερβολην

513 1004 702 1090 ἐγκεφάλου.
743 999 799 1065 καί
821 998 860 1063 τὰ
882 992 953 1082 ἑξῆς
976 1000 1129 1083 λεγόντων
1157 995 1239 1082 όμοῦ
1259 999 1315 1063 καό
1335 996 1536 1083 γραφόντων
1558 993 1622 1062 ἑτέ-

514 1127 580 1189 ρων
600 1102 685 1168 ἔστιν
706 1099 840 1165 άκοόειν.
884 1096 921 1161 osi
940 1096 1002 1184 γάρ
1025 1098 1228 1179 όνειδιζοντες
1247 1098 1442 1182 μεμνήμεθα
1464 1101 1534 1162 τῶν
1556 1123 1620 1162 τοι-

513 1206 613 1273 οότων
633 1203 725 1289 ἡμεῖς
744 1206 815 1268 νόν·
871 1199 963 1285 ἴσμεν
994 1200 1057 1287 γάρ
1080 1197 1125 1279 σός
1156 1207 1304 1286 πονηροῖς
1323 1222 1358 1263 τε
1390 1198 1449 1262 καί
1479 1198 1642 1283 άγαθοῖςᾶ

512 1308 561 1373 ἐπ’
588 1304 658 1389 ἴσης
694 1302 799 1368 ἔπεισι
821 1303 862 1368 τά
881 1303 1003 1380 τοιαδί,
1040 1295 1087 1379 οἷς
1115 1301 1210 1385 μόνος
1241 1294 1309 1365 uide
1327 1300 1466 1383 κρίμασι
1485 1298 1617 1382 κάρτος·

515 1404 597 1471 άλλόι
616 1408 679 1469 τῶν
698 1407 755 1487 τῆς
780 1402 924 1489 ἱστορίας
944 1403 1131 1489 ἐγκειμένων
1152 1408 1297 1484 νομίμων
1315 1399 1371 1464 κατ’
1391 1404 1471 1464 καθ’
1495 1400 1616 1465 ἕκαστα

515 1504 687 1590 ζητοόντων
711 1501 853 1578 ἅπαντα,
882 1503 1020 1587 μετρίως
1053 1500 1144 1586 ἡμεῖς
1176 1501 1232 1565 καί
1258 1502 1321 1565 τῶν
1341 1498 1492 1563 τοιοότων
1517 1496 1616 1562 cintri-

443 1609 609 1690 Ημεθα.
654 1600 888 1686 όπλατάτερον
909 1604 1013 1688 ἕτεροι
1035 1599 1306 1687 διεξιέναιῆκισί
1328 1599 1495 1667 όκνοῦσιν·
1547 1598 1614 1661 ἀλλ’

511 1706 618 1792 έκείνιμ
640 1704 707 1791 τὴν-
720 1704 824 1770 αότίαν
842 1707 956 1789 σαφιός
977 1706 1024 1790 τῷ
1038 1704 1166 1786 δαίμονι
1187 1702 1468 1788 παραπέμπουσιν,
1494 1691 1524 1788 ᾦ
1545 1710 1653 1765 nus-10

510 1808 600 1892 νηρηῖ
620 1804 774 1891 γενομένῳ
799 1801 853 1869 διὰ
874 1804 1059 1889 βουλήσεως
1079 1803 1265 1889 μοχθηρίαν
1281 1803 1428 1887 καθάπερ
1450 1815 1499 1879 ’τις
1522 1804 1613 1889 έφεῑ-

509 1930 564 1971 ται
586 1908 702 1991 κλῆρος
724 1905 843 1981 όῖόιος,
865 1906 927 1969 τῶν
955 1903 1058 1969 όλλοτ’
1084 1901 1187 1978 ἄλλως
1217 1901 1386 1989 φυομένων
1408 1903 1522 1967 τεκαὶ
1542 1905 1612 1967 ἐπι-

511 2006 682 2095 φυομένων
701 2028 735 2069 τε
756 2005 811 2070 καό
834 2004 1057 2091 ἐπιφυομένων
1089 2003 1170 2069 κατά
1189 2007 1244 2088 τῆς
1263 2006 1319 2068 τοῦ
1340 2005 1418 2067 θεοῦ
1440 2005 1613 2088 ἐκκλησίας

510 2105 666 2191 ἡγεῖσθαί
682 2128 716 2169 τε
735 2102 892 2189 αἱρέσεων
920 2106 976 2170 καὶ
1012 2105 1114 2169 πάντα
1137 2105 1218 2188 όράν
1248 2102 1288 2166 τά
1303 2102 1519 2185 χαλεπώτατα
1542 2110 1611 2167 κατ’

472 2204 474 2209 ’
510 2206 667 2285 ἐξουσίαν,
689 2205 745 2269 κατ’
769 2203 836 2288 όμα
858 2206 1015 2289 ἐρεθίζειν
1036 2204 1068 2283 ές
1087 2229 1122 2289 γε
1143 2204 1178 2269 τό
1201 2204 1346 2269 πλάττειν
1369 2201 1482 2288 όγίους
1504 2204 1611 2291 αόθη-
1623 2216 1652 2269 15

507 2305 624 2392 μερόν,
654 2305 710 2370 καί
738 2306 825 2369 ταῦτ’
857 2306 995 2382 ἐκείνους
1033 2304 1067 2368 οἳ
1093 2301 1148 2387 τόν
1176 2307 1233 2389 τῆς
1258 2304 1406 2387 λατρείας
1437 2302 1614 2387 ἡγεμονίαν

508 2410 614 2496 έκείνιμ
635 2433 669 2474 τε
688 2408 904 2487 έκόεότόκασι,
935 2408 991 2473 καό
1014 2406 1098 2485 ἅπας
1130 2405 1243 2483 αότούς
1263 2406 1319 2472 καί
1347 2407 1417 2487 βίος
1438 2405 1496 2469 καὶ
1520 2405 1613 2488 λόγος

434 2540 436 2549 ’
507 2509 563 2575 κατ’
586 2514 701 2596 πρᾶξις
730 2514 787 2575 τοῦ
808 2512 870 2575 ταῖν
892 2507 1077 2594 όρθσόόξων
1108 2507 1209 2571 πάλαι
1230 2505 1386 2592 ότέγραψέ
1407 2529 1440 2569 τε
1475 2507 1534 2571 καὶ
1553 2530 1612 2570 πε-

509 2614 609 2694 ριεῖλε
626 2612 748 2696 χοροῦ,
779 2612 832 2675 ἵνα
854 2607 900 2693 μὴ
929 2606 1059 2684 όπόσοις
1087 2609 1168 2692 λέγω
1200 2606 1256 2671 κατ’
1275 2603 1330 2692 όφ’
1353 2603 1438 2671 όσων
1457 2609 1523 2671 τῶν
1546 2632 1613 2669 πα-

508 2711 673 2794 τριαρχιόν
702 2733 736 2773 τε
773 2710 828 2775 καὶ
859 2707 1042 2774 ἐπισκόπων
1080 2706 1240 2794 φυομένης
1267 2701 1329 2791 ἤδη
1359 2708 1415 2788 τῆς
1452 2705 1655 2791 αἱρέσεωςνθ

448 2892 449 2895 ¹
508 2806 713 2892 α’ναθέμασιν
732 2808 920 2893 ἐμπεσόντες
942 2810 987 2895 τῷ
1009 2808 1127 2894 αἰωνίῳ
1156 2807 1238 2892 nupt*
1257 2804 1555 2892 παρεπέμφθησαν.

441 2924 496 2977 15
608 2909 678 2975 Κατ’
698 2912 797 2974 ταῦτα
818 2911 877 2993 μὲν
896 2911 1004 2973 τοῦτον
1024 2907 1100 2989 ἔσχε
1120 2906 1174 2972 τόν
1194 2901 1417 2993 τρόπον,.ε’γο“ν
1448 2908 1477 2970 δ’
1511 2909 1613 2972 έκεῖνο

386 3010 498 3070 λάλοι.
507 3008 757 3094 ἐπαναλήψομαι
774 3012 840 3074 νῦν.
861 3008 889 3073 οἱ
909 3008 971 3094 γάρ
992 3005 1028 3073 τό
1039 3010 1070 3074 Γ
1070 3007 1276 3091 αλοτιόνυμον
1286 3006 1420 3088 ’ἔχοντες
1442 3006 1613 3094 φρσόριον,

577 3184 621 3237 22.
642 3184 716 3250 Ques
734 3183 798 3239 binc
816 3192 973 3254 sequuntur,
992 3201 1024 3239 us
1063 3200 1078 3238 s
1098 3186 1132 3238 sd
1149 3185 1227 3238 bueus
1245 3182 1324 3242 buius
1344 3182 1455 3247 codicis,
1472 3197 1530 3236 uun
1549 3192 1613 3237 suut

577 3253 656 3309 buius
675 3255 729 3309 luci
748 3256 797 3310 sed
813 3264 877 3311 unte
893 3258 998 3310 initium
1014 3256 1033 3309 li
1053 3259 1077 3310 ri
1097 3257 1131 3311 37
1151 3254 1235 3326 (tut)
1255 3254 1385 3308 cuilucsri
1405 3254 1514 3309 debent.
1534 3256 1601 3308 iius.

505 3420 562 3473 bri:
584 3428 611 3473 et
629 3422 768 3490 sequentis
787 3422 820 3474 sb
838 3422 900 3474 uiiis
915 3422 1065 3475 dicentibus
1083 3419 1161 3475 simul
1181 3420 1393 3482 ascribentibus
1413 3419 1506 3472 uudire
1527 3420 1608 3473 licet:

504 3494 680 3560 nequeenim
707 3500 733 3544 et
752 3501 921 3546 accusatores
947 3493 1010 3545 tulis
1039 3507 1090 3545 uus
1114 3508 1186 3545 uuuc
1204 3493 1387 3544 meminimus:
1418 3492 1517 3543 scirnus
1536 3494 1607 3544 eninr

504 3563 580 3613 ruelis
599 3562 677 3615 simul
699 3571 725 3614 et
743 3564 820 3617 bonis
843 3566 899 3631 puri
917 3564 995 3617 modo
1015 3565 1079 3616 tuiis
1098 3565 1239 3616 inrrnittere
1252 3564 1383 3614 domiuum
1398 3562 1517 3625 iudiciis,
1537 3580 1608 3632 quse

503 3634 580 3684 uerit
599 3633 683 3685 solus.
720 3635 767 3687 sed
796 3651 828 3687 ex
847 3637 880 3687 iis
899 3651 966 3704 quse
985 3644 1047 3687 suut
1072 3637 1099 3687 in
1119 3634 1232 3685 historic
1250 3634 1319 3685 iustu
1343 3642 1371 3685 et
1389 3632 1497 3700 singuis
1516 3637 1606 3688 ornniu

437 3766 442 3771 ,
504 3711 646 3771 quaeruut,
666 3712 693 3755 et
711 3720 760 3756 nus
780 3707 858 3758 etism
885 3708 990 3759 modice
1012 3721 1044 3759 eu
1068 3706 1238 3771 attingimus,
1265 3719 1332 3773 quse
1351 3703 1459 3770 longuis
1477 3708 1606 3774 persequi

503 3773 551 3826 ulii
570 3775 677 3826 minime
697 3784 871 3828 cunctsntur:
898 3778 944 3830 sed
963 3786 1055 3844 epertc
1076 3777 1101 3829 ei
1122 3777 1243 3829 daemoni
1270 3774 1373 3842 culpsrn
1392 3773 1538 3839 ascribunt,
1562 3777 1605 3828 cui

502 3844 573 3897 mulo
603 3845 672 3897 iucto
699 3862 748 3915 per
773 3847 918 3900 voluntatis
944 3850 1090 3917 nequitiem
1118 3847 1192 3915 quusi
1211 3861 1271 3898 surs
1298 3846 1424 3915 qusedum
1444 3845 1545 3898 tributu
1565 3858 1612 3900 est‘

502 3916 670 3984 perniciose,
695 3919 841 3985 principem
868 3935 926 3970 esse
945 3919 1096 3972 bseresiurn
1122 3918 1166 3970 hic
1187 3916 1244 3969 illic
1269 3924 1361 3969 cuutru
1389 3918 1432 3969 dei
1459 3917 1605 3969 ecclesium

501 3988 666 4039 uescentium
697 4004 728 4039 sc
753 3991 947 4042 renascentium
968 3999 994 4042 ct
1022 3992 1136 4058 pessime
1155 4004 1276 4057 quaeque
1310 3988 1399 4041 iecere
1427 4002 1476 4055 pro
1499 3990 1604 4041 viribus

502 4059 570 4121 tuis,
592 4057 724 4127 simulque
749 4068 853 4112 certare
872 4062 998 4113 contiuuo
1025 4070 1117 4113 contre
1147 4061 1420 4127 reprueseutstiuuern
1439 4067 1602 4112 sunctururu.

501 4136 581 4195 utque
609 4128 811 4198 huecquiduur
842 4130 904 4183 illos
924 4133 969 4200 qui
997 4132 1084 4185 cultus
1110 4133 1247 4198 imperium
1272 4132 1297 4182 ei
1325 4130 1491 4182 tradiderunt
1520 4138 1603 4199 utque

503 4199 588 4249 curuis
618 4207 645 4251 et
672 4201 729 4253 vitu
752 4210 779 4253 et
802 4203 897 4270 egendi
928 4204 995 4255 rutiu
1023 4205 1056 4256 ub
1078 4203 1234 4255 orthodoxis
1258 4202 1412 4254 discernunt
1435 4207 1463 4251 et
1480 4214 1496 4252 s
1516 4201 1602 4253 cboru

501 4279 660 4337 segrcgsntr
680 4286 714 4323 ne
734 4271 818 4324 dicum
837 4288 853 4325 s
874 4282 940 4341 quot
958 4274 1008 4324 isrn
1028 4283 1055 4326 et
1074 4273 1233 4341 putriercbis
1252 4280 1279 4324 et
1298 4271 1432 4339 episcopis
1444 4286 1601 4338 quurnuss.

500 4348 606 4392 curetur
632 4342 767 4407 haeresis,
795 4344 822 4395 iu
852 4345 1019 4397 uuuthernuts
1043 4347 1209 4412 incidentes,
1235 4346 1262 4397 in
1281 4352 1418 4395 ueternum
1436 4343 1526 4411 iguem
1546 4346 1604 4397 siut

500 4409 617 4464 demissi.
655 4421 734 4482 utque
753 4414 819 4466 bsec
838 4416 944 4484 quidem
963 4416 1102 4468 hactenus.

504 4568 510 4573 ,,
524 4574 528 4579 ς,
601 4508 656 4563 lum
675 4524 741 4562 veru
763 4523 797 4561 ec
817 4510 888 4565 uude
901 4510 1037 4565 declinavi
1055 4518 1185 4591 repertun
1221 4509 1267 4580 qui
1287 4507 1439 4565 Guistorusu
1459 4509 1602 4565 cutellum
