<?xml version="1.0" encoding="UTF-8"?>
<!DOCTYPE html PUBLIC "-//W3C//DTD XHTML 1.0 Transitional//EN"
    "http://www.w3.org/TR/xhtml1/DTD/xhtml1-transitional.dtd">
<html xmlns="http://www.w3.org/1999/xhtml" xml:lang="en" lang="en">
 <head>
  <title>
</title>
<meta http-equiv="Content-Type" content="text/html;charset=utf-8" />
  <meta name='ocr-system' content='tesseract 3.04.00' />
  <meta name='ocr-capabilities' content='ocr_page ocr_carea ocr_par ocr_line ocrx_word'/>
</head>
<body>
  <div class='ocr_page' id='page_1' title='image "./nicephorigregor01schogoog_0499.png"; bbox 0 0 4000 5392; ppageno 0'>
   <div class='ocr_carea' id='block_1_1' title="bbox 513 569 1494 661">
    <p class='ocr_par' dir='ltr' id='par_1_1' title="bbox 513 569 1494 661">
     <span class='ocr_line' id='line_1_1' title="bbox 513 569 1494 661; baseline 0.005 -11"><span class='ocrx_word' id='word_1_1' title='bbox 513 582 736 652; x_wconf 80' lang='lat' dir='ltr'>nisxoaue</span> <span class='ocrx_word' id='word_1_2' title='bbox 758 584 1018 652; x_wconf 72' lang='lat' dir='ltr'>centuriata</span> <span class='ocrx_word' id='word_1_3' title='bbox 1033 589 1154 653; x_wconf 86' lang='lat' dir='ltr'><strong>xxxv.</strong></span> <span class='ocrx_word' id='word_1_4' title='bbox 1170 572 1194 661; x_wconf 74' lang='grc'>,.1</span> <span class='ocrx_word' id='word_1_5' title='bbox 1206 569 1362 656; x_wconf 72' lang='lat' dir='ltr'>B-ii.</span> <span class='ocrx_word' id='word_1_6' title='bbox 1421 572 1494 657; x_wconf 72' lang='lat'>485</span> 
     </span>
    </p>
   </div>
   <div class='ocr_carea' id='block_1_2' title="bbox 346 740 1637 3053">
    <p class='ocr_par' dir='ltr' id='par_1_2' title="bbox 346 740 1637 3053">
     <span class='ocr_line' id='line_1_2' title="bbox 394 740 1552 837; baseline 0.002 -25"><span class='ocrx_word' id='word_1_7' title='bbox 394 747 514 834; x_wconf 68' lang='grc' dir='ltr'>τροπῆν</span> <span class='ocrx_word' id='word_1_8' title='bbox 538 751 614 811; x_wconf 90' lang='grc' dir='ltr'>ποθ’</span> <span class='ocrx_word' id='word_1_9' title='bbox 636 740 810 831; x_wconf 81' lang='grc' dir='ltr'>Ιόιταμόνειν</span> <span class='ocrx_word' id='word_1_10' title='bbox 841 746 992 832; x_wconf 78' lang='grc' dir='ltr'>ἦντινοῦν.</span> <span class='ocrx_word' id='word_1_11' title='bbox 1047 751 1075 813; x_wconf 79' lang='grc' dir='ltr'>εἰ</span> <span class='ocrx_word' id='word_1_12' title='bbox 1095 748 1156 834; x_wconf 81' lang='grc' dir='ltr'>γὰρ</span> <span class='ocrx_word' id='word_1_13' title='bbox 1177 748 1222 834; x_wconf 78' lang='grc' dir='ltr'>μὴ</span> <span class='ocrx_word' id='word_1_14' title='bbox 1242 753 1324 815; x_wconf 70' lang='grc' dir='ltr'>τοῦτ’</span> <span class='ocrx_word' id='word_1_15' title='bbox 1351 746 1409 837; x_wconf 78' lang='grc' dir='ltr'>εἴη,</span> <span class='ocrx_word' id='word_1_16' title='bbox 1431 776 1496 815; x_wconf 88' lang='grc' dir='ltr'>κω-</span> <span class='ocrx_word' id='word_1_17' title='bbox 1551 802 1552 807; x_wconf 53' lang='grc'>,</span> 
     </span>
     <span class='ocr_line' id='line_1_3' title="bbox 401 847 1496 937; baseline 0.004 -25"><span class='ocrx_word' id='word_1_18' title='bbox 401 848 491 912; x_wconf 85' lang='grc' dir='ltr'><strong><em>λόσει</em></strong></span> <span class='ocrx_word' id='word_1_19' title='bbox 509 851 574 914; x_wconf 81' lang='grc' dir='ltr'>τιῦν</span> <span class='ocrx_word' id='word_1_20' title='bbox 594 847 720 913; x_wconf 86' lang='grc' dir='ltr'>πόντων</span> <span class='ocrx_word' id='word_1_21' title='bbox 741 847 833 913; x_wconf 73' lang='grc' dir='ltr'>οὐδὲν</span> <span class='ocrx_word' id='word_1_22' title='bbox 854 847 934 933; x_wconf 89' lang='grc' dir='ltr'>πρός</span> <span class='ocrx_word' id='word_1_23' title='bbox 960 850 1109 932; x_wconf 77' lang='grc' dir='ltr'>ἀσέβειαν</span> <span class='ocrx_word' id='word_1_24' title='bbox 1134 850 1219 931; x_wconf 77' lang='grc' dir='ltr'>ἔχειν</span> <span class='ocrx_word' id='word_1_25' title='bbox 1240 852 1421 937; x_wconf 80' lang='grc' dir='ltr'>ἐπιρρεπῶς</span> <span class='ocrx_word' id='word_1_26' title='bbox 1445 850 1496 917; x_wconf 78' lang='lat' dir='ltr'>clei</span> 
     </span>
     <span class='ocr_line' id='line_1_4' title="bbox 398 949 1494 1036; baseline 0.003 -24"><span class='ocrx_word' id='word_1_27' title='bbox 398 950 453 1015; x_wconf 88' lang='grc' dir='ltr'><strong><em>καί</em></strong></span> <span class='ocrx_word' id='word_1_28' title='bbox 479 950 601 1036; x_wconf 87' lang='grc' dir='ltr'>νόκτωρ</span> <span class='ocrx_word' id='word_1_29' title='bbox 634 951 689 1014; x_wconf 86' lang='grc' dir='ltr'><strong><em>καί</em></strong></span> <span class='ocrx_word' id='word_1_30' title='bbox 709 953 785 1031; x_wconf 80' lang='grc' dir='ltr'>μεθ</span> <span class='ocrx_word' id='word_1_31' title='bbox 813 949 938 1036; x_wconf 78' lang='grc' dir='ltr'>ἡμέραν</span> <span class='ocrx_word' id='word_1_32' title='bbox 964 955 1149 1015; x_wconf 73' lang='grc' dir='ltr'>κλονεῖσθαι</span> <span class='ocrx_word' id='word_1_33' title='bbox 1167 953 1223 1017; x_wconf 79' lang='grc' dir='ltr'>καί</span> <span class='ocrx_word' id='word_1_34' title='bbox 1245 953 1494 1036; x_wconf 74' lang='grc' dir='ltr'><strong><em>περιτρέπεσθαι</em></strong></span> 
     </span>
     <span class='ocr_line' id='line_1_5' title="bbox 397 1049 1565 1137; baseline 0.001 -25"><span class='ocrx_word' id='word_1_35' title='bbox 397 1050 500 1113; x_wconf 79' lang='grc' dir='ltr'>πάντα</span> <span class='ocrx_word' id='word_1_36' title='bbox 520 1049 600 1127; x_wconf 83' lang='grc' dir='ltr'>τινό,</span> <span class='ocrx_word' id='word_1_37' title='bbox 623 1051 770 1134; x_wconf 82' lang='grc' dir='ltr'>καθάπερ</span> <span class='ocrx_word' id='word_1_38' title='bbox 798 1050 1025 1134; x_wconf 79' lang='grc' dir='ltr'>ἀνερμάτιστον</span> <span class='ocrx_word' id='word_1_39' title='bbox 1048 1052 1171 1137; x_wconf 80' lang='grc' dir='ltr'>σκάφος</span> <span class='ocrx_word' id='word_1_40' title='bbox 1192 1052 1244 1137; x_wconf 78' lang='grc' dir='ltr'>ἐφ’</span> <span class='ocrx_word' id='word_1_41' title='bbox 1266 1049 1372 1136; x_wconf 82' lang='grc' dir='ltr'>όγριῦν</span> <span class='ocrx_word' id='word_1_42' title='bbox 1394 1052 1493 1116; x_wconf 76' lang='lat' dir='ltr'>dora·</span> <span class='ocrx_word' id='word_1_43' title='bbox 1562 1072 1565 1103; x_wconf 79' lang='lat'><em>2</em></span> 
     </span>
     <span class='ocr_line' id='line_1_6' title="bbox 373 1142 1494 1240; baseline -0.002 -23"><span class='ocrx_word' id='word_1_44' title='bbox 373 1153 511 1236; x_wconf 63' lang='lat' dir='ltr'>penelope</span> <span class='ocrx_word' id='word_1_45' title='bbox 544 1142 711 1240; x_wconf 74' lang='grc' dir='ltr'><strong><em>θαλάσσης</em></strong></span> <span class='ocrx_word' id='word_1_46' title='bbox 743 1155 893 1238; x_wconf 77' lang='grc' dir='ltr'>κυμάτων</span> <span class='ocrx_word' id='word_1_47' title='bbox 911 1154 1178 1235; x_wconf 80' lang='grc' dir='ltr'>ταλαντευόμενον</span> <span class='ocrx_word' id='word_1_48' title='bbox 1211 1154 1262 1239; x_wconf 81' lang='grc' dir='ltr'>ἐφ’</span> <span class='ocrx_word' id='word_1_49' title='bbox 1285 1147 1417 1238; x_wconf 75' lang='grc' dir='ltr'>ἑκάτερα</span> <span class='ocrx_word' id='word_1_50' title='bbox 1439 1150 1494 1215; x_wconf 80' lang='grc' dir='ltr'>καί</span> 
     </span>
     <span class='ocr_line' id='line_1_7' title="bbox 399 1250 1494 1340; baseline 0 -24"><span class='ocrx_word' id='word_1_51' title='bbox 399 1253 564 1330; x_wconf 71' lang='grc' dir='ltr'>παντοίαις</span> <span class='ocrx_word' id='word_1_52' title='bbox 585 1254 711 1337; x_wconf 78' lang='grc' dir='ltr'>ἀνέμων</span> <span class='ocrx_word' id='word_1_53' title='bbox 740 1265 851 1331; x_wconf 81' lang='grc' dir='ltr'>πνοαῖς</span> <span class='ocrx_word' id='word_1_54' title='bbox 874 1254 1027 1340; x_wconf 88' lang='grc' dir='ltr'>όγόμενόν</span> <span class='ocrx_word' id='word_1_55' title='bbox 1046 1276 1079 1317; x_wconf 89' lang='grc' dir='ltr'>τε</span> <span class='ocrx_word' id='word_1_56' title='bbox 1106 1254 1162 1319; x_wconf 81' lang='grc' dir='ltr'>καί</span> <span class='ocrx_word' id='word_1_57' title='bbox 1169 1250 1360 1339; x_wconf 78' lang='grc' dir='ltr'>Ιφερόμενον</span> <span class='ocrx_word' id='word_1_58' title='bbox 1389 1258 1494 1336; x_wconf 79' lang='grc' dir='ltr'>πλημ·</span> 
     </span>
     <span class='ocr_line' id='line_1_8' title="bbox 397 1344 1637 1440; baseline -0.001 -24"><span class='ocrx_word' id='word_1_59' title='bbox 397 1357 512 1439; x_wconf 66' lang='lat' dir='ltr'>peltae.</span> <span class='ocrx_word' id='word_1_60' title='bbox 554 1353 635 1418; x_wconf 80' lang='grc' dir='ltr'>κατὰ</span> <span class='ocrx_word' id='word_1_61' title='bbox 653 1353 714 1440; x_wconf 80' lang='grc' dir='ltr'>γὰρ</span> <span class='ocrx_word' id='word_1_62' title='bbox 736 1344 797 1419; x_wconf 79' lang='grc' dir='ltr'>τόν</span> <span class='ocrx_word' id='word_1_63' title='bbox 819 1355 920 1440; x_wconf 83' lang='grc' dir='ltr'>μέγαν</span> <span class='ocrx_word' id='word_1_64' title='bbox 940 1355 1129 1431; x_wconf 83' lang='grc' dir='ltr'>Βασίλειον,</span> <span class='ocrx_word' id='word_1_65' title='bbox 1156 1351 1188 1417; x_wconf 85' lang='grc' dir='ltr'>εἴ</span> <span class='ocrx_word' id='word_1_66' title='bbox 1204 1378 1251 1429; x_wconf 87' lang='grc' dir='ltr'>τις</span> <span class='ocrx_word' id='word_1_67' title='bbox 1276 1354 1560 1435; x_wconf 62' lang='grc' dir='ltr'>όβασανίστωςβι</span> <span class='ocrx_word' id='word_1_68' title='bbox 1626 1406 1637 1427; x_wconf 87' lang='grc'>,</span> 
     </span>
     <span class='ocr_line' id='line_1_9' title="bbox 400 1450 1497 1541; baseline -0.003 -24"><span class='ocrx_word' id='word_1_69' title='bbox 400 1455 554 1538; x_wconf 80' lang='grc' dir='ltr'>προσέχει</span> <span class='ocrx_word' id='word_1_70' title='bbox 576 1465 642 1533; x_wconf 79' lang='grc' dir='ltr'>τοῖς</span> <span class='ocrx_word' id='word_1_71' title='bbox 661 1457 840 1541; x_wconf 81' lang='grc' dir='ltr'>γράμμασι,</span> <span class='ocrx_word' id='word_1_72' title='bbox 864 1458 943 1541; x_wconf 86' lang='grc' dir='ltr'>πρὸς</span> <span class='ocrx_word' id='word_1_73' title='bbox 962 1453 1158 1539; x_wconf 78' lang='grc' dir='ltr'>Ἑλληνικούς</span> <span class='ocrx_word' id='word_1_74' title='bbox 1171 1478 1205 1518; x_wconf 89' lang='grc' dir='ltr'>τε</span> <span class='ocrx_word' id='word_1_75' title='bbox 1227 1455 1283 1518; x_wconf 79' lang='grc' dir='ltr'>καί</span> <span class='ocrx_word' id='word_1_76' title='bbox 1302 1450 1497 1528; x_wconf 82' lang='grc' dir='ltr'>Ἰονόαϊκσύς</span> 
     </span>
     <span class='ocr_line' id='line_1_10' title="bbox 400 1552 1495 1643; baseline -0.002 -24"><span class='ocrx_word' id='word_1_77' title='bbox 400 1552 483 1636; x_wconf 78' lang='grc' dir='ltr'>ὁμσῦ</span> <span class='ocrx_word' id='word_1_78' title='bbox 502 1557 558 1622; x_wconf 82' lang='grc' dir='ltr'>καί</span> <span class='ocrx_word' id='word_1_79' title='bbox 576 1558 733 1643; x_wconf 81' lang='grc' dir='ltr'>γρααόόεις</span> <span class='ocrx_word' id='word_1_80' title='bbox 755 1557 881 1640; x_wconf 88' lang='grc' dir='ltr'>μόθους</span> <span class='ocrx_word' id='word_1_81' title='bbox 910 1555 1157 1640; x_wconf 75' lang='grc' dir='ltr'>ἑκτραπησεται,</span> <span class='ocrx_word' id='word_1_82' title='bbox 1187 1556 1242 1619; x_wconf 83' lang='grc' dir='ltr'>καί</span> <span class='ocrx_word' id='word_1_83' title='bbox 1264 1552 1389 1634; x_wconf 79' lang='grc' dir='ltr'>πτωχός</span> <span class='ocrx_word' id='word_1_84' title='bbox 1414 1577 1495 1618; x_wconf 82' lang='grc' dir='ltr'>παν-</span> 
     </span>
     <span class='ocr_line' id='line_1_11' title="bbox 358 1651 1497 1745; baseline -0.002 -28"><span class='ocrx_word' id='word_1_85' title='bbox 358 1660 497 1733; x_wconf 83' lang='grc' dir='ltr'>1οτελιῦς</span> <span class='ocrx_word' id='word_1_86' title='bbox 516 1661 578 1721; x_wconf 70' lang='grc' dir='ltr'>τοῖν</span> <span class='ocrx_word' id='word_1_87' title='bbox 602 1658 707 1736; x_wconf 81' lang='grc' dir='ltr'>ιῖξίων·</span> <span class='ocrx_word' id='word_1_88' title='bbox 727 1658 802 1743; x_wconf 74' lang='grc' dir='ltr'>περὶ</span> <span class='ocrx_word' id='word_1_89' title='bbox 829 1659 907 1720; x_wconf 90' lang='grc' dir='ltr'>θεοῦ</span> <span class='ocrx_word' id='word_1_90' title='bbox 937 1656 1104 1741; x_wconf 74' lang='grc' dir='ltr'>νοημάτων</span> <span class='ocrx_word' id='word_1_91' title='bbox 1135 1655 1360 1745; x_wconf 83' lang='grc' dir='ltr'>καταγηρόσει.</span> <span class='ocrx_word' id='word_1_92' title='bbox 1415 1651 1497 1717; x_wconf 78' lang='grc' dir='ltr'>ἀλλὰ</span> 
     </span>
     <span class='ocr_line' id='line_1_12' title="bbox 399 1753 1496 1843; baseline -0.006 -20"><span class='ocrx_word' id='word_1_93' title='bbox 399 1761 445 1843; x_wconf 68' lang='lat' dir='ltr'>regi</span> <span class='ocrx_word' id='word_1_94' title='bbox 467 1782 503 1842; x_wconf 90' lang='grc' dir='ltr'>γε</span> <span class='ocrx_word' id='word_1_95' title='bbox 524 1760 656 1823; x_wconf 74' lang='grc' dir='ltr'>διπλοῦν</span> <span class='ocrx_word' id='word_1_96' title='bbox 675 1782 709 1823; x_wconf 88' lang='grc' dir='ltr'>τε</span> <span class='ocrx_word' id='word_1_97' title='bbox 737 1757 792 1823; x_wconf 89' lang='grc' dir='ltr'><strong><em>καί</em></strong></span> <span class='ocrx_word' id='word_1_98' title='bbox 820 1758 969 1821; x_wconf 80' lang='grc' dir='ltr'>σύνθετον</span> <span class='ocrx_word' id='word_1_99' title='bbox 992 1755 1132 1841; x_wconf 76' lang='grc' dir='ltr'>ἀκριβῶς</span> <span class='ocrx_word' id='word_1_100' title='bbox 1161 1756 1214 1821; x_wconf 87' lang='grc' dir='ltr'>τὸν</span> <span class='ocrx_word' id='word_1_101' title='bbox 1237 1753 1379 1840; x_wconf 89' lang='grc' dir='ltr'>Χριστόν</span> <span class='ocrx_word' id='word_1_102' title='bbox 1399 1756 1496 1839; x_wconf 81' lang='grc' dir='ltr'>ἐγνω-</span> 
     </span>
     <span class='ocr_line' id='line_1_13' title="bbox 400 1852 1500 1940; baseline -0.004 -19"><span class='ocrx_word' id='word_1_103' title='bbox 400 1860 468 1923; x_wconf 91' lang='grc' dir='ltr'>κότι</span> <span class='ocrx_word' id='word_1_104' title='bbox 491 1858 550 1939; x_wconf 77' lang='grc' dir='ltr'>μὲν</span> <span class='ocrx_word' id='word_1_105' title='bbox 568 1861 603 1922; x_wconf 81' lang='grc' dir='ltr'>ἐκ</span> <span class='ocrx_word' id='word_1_106' title='bbox 620 1861 683 1922; x_wconf 76' lang='grc' dir='ltr'>τῶν</span> <span class='ocrx_word' id='word_1_107' title='bbox 694 1860 811 1922; x_wconf 73' lang='grc' dir='ltr'>θεῦιοῦν</span> <span class='ocrx_word' id='word_1_108' title='bbox 822 1859 876 1922; x_wconf 88' lang='grc' dir='ltr'>νῦν</span> <span class='ocrx_word' id='word_1_109' title='bbox 890 1859 917 1920; x_wconf 84' lang='lat' dir='ltr'>d&#39;</span> <span class='ocrx_word' id='word_1_110' title='bbox 930 1858 965 1920; x_wconf 83' lang='grc' dir='ltr'>ἐκ</span> <span class='ocrx_word' id='word_1_111' title='bbox 982 1860 1045 1921; x_wconf 76' lang='grc' dir='ltr'>τῶν</span> <span class='ocrx_word' id='word_1_112' title='bbox 1061 1855 1326 1940; x_wconf 78' lang='grc' dir='ltr'>ἀνθρωπίνων</span> <span class='ocrx_word' id='word_1_113' title='bbox 1342 1852 1500 1938; x_wconf 81' lang='grc' dir='ltr'>όηλοόσης</span> 
     </span>
     <span class='ocr_line' id='line_1_14' title="bbox 346 1952 1497 2043; baseline -0.007 -20"><span class='ocrx_word' id='word_1_114' title='bbox 346 2003 350 2011; x_wconf 89' lang='grc'><strong>-</strong></span> <span class='ocrx_word' id='word_1_115' title='bbox 399 1955 434 2023; x_wconf 87' lang='grc' dir='ltr'>τό</span> <span class='ocrx_word' id='word_1_116' title='bbox 457 1959 715 2043; x_wconf 83' lang='grc' dir='ltr'>συναμφότερον,</span> <span class='ocrx_word' id='word_1_117' title='bbox 747 1957 783 2020; x_wconf 82' lang='grc' dir='ltr'>οὗ</span> <span class='ocrx_word' id='word_1_118' title='bbox 811 1955 894 2040; x_wconf 80' lang='grc' dir='ltr'>μέγα</span> <span class='ocrx_word' id='word_1_119' title='bbox 916 1954 1009 2039; x_wconf 79' lang='grc' dir='ltr'>ἔργον</span> <span class='ocrx_word' id='word_1_120' title='bbox 1037 1954 1156 2038; x_wconf 77' lang='grc' dir='ltr'>τὰμὲν</span> <span class='ocrx_word' id='word_1_121' title='bbox 1177 1952 1288 2039; x_wconf 76' lang='grc' dir='ltr'>ῦψηλοὶ</span> <span class='ocrx_word' id='word_1_122' title='bbox 1309 1956 1349 2040; x_wconf 75' lang='grc' dir='ltr'>τῇ</span> <span class='ocrx_word' id='word_1_123' title='bbox 1371 1953 1497 2037; x_wconf 69' lang='grc' dir='ltr'>θεότητι</span> 
     </span>
     <span class='ocr_line' id='line_1_15' title="bbox 400 2051 1496 2145; baseline -0.006 -22"><span class='ocrx_word' id='word_1_124' title='bbox 400 2058 527 2141; x_wconf 82' lang='grc' dir='ltr'>νέμειν,</span> <span class='ocrx_word' id='word_1_125' title='bbox 554 2056 595 2121; x_wconf 84' lang='grc' dir='ltr'>τὰ</span> <span class='ocrx_word' id='word_1_126' title='bbox 626 2061 654 2122; x_wconf 85' lang='lat' dir='ltr'>d&#39;</span> <span class='ocrx_word' id='word_1_127' title='bbox 676 2055 832 2145; x_wconf 79' lang='grc' dir='ltr'>ῦφειμόνα</span> <span class='ocrx_word' id='word_1_128' title='bbox 860 2058 901 2142; x_wconf 76' lang='grc' dir='ltr'>τῇ</span> <span class='ocrx_word' id='word_1_129' title='bbox 936 2056 1171 2140; x_wconf 82' lang='grc' dir='ltr'>όνθρωπότητι·</span> <span class='ocrx_word' id='word_1_130' title='bbox 1226 2056 1281 2120; x_wconf 81' lang='grc' dir='ltr'>καί</span> <span class='ocrx_word' id='word_1_131' title='bbox 1302 2053 1377 2121; x_wconf 85' lang='grc' dir='ltr'>ῦταν</span> <span class='ocrx_word' id='word_1_132' title='bbox 1399 2051 1496 2139; x_wconf 78' lang='grc' dir='ltr'>ἄκοόη</span> 
     </span>
     <span class='ocr_line' id='line_1_16' title="bbox 359 2151 1499 2244; baseline -0.006 -20"><span class='ocrx_word' id='word_1_133' title='bbox 359 2156 499 2241; x_wconf 75' lang='grc' dir='ltr'>15“σόρ’ξ</span> <span class='ocrx_word' id='word_1_134' title='bbox 519 2182 553 2223; x_wconf 90' lang='grc' dir='ltr'>τε</span> <span class='ocrx_word' id='word_1_135' title='bbox 574 2155 592 2222; x_wconf 89' lang='grc' dir='ltr'>ό</span> <span class='ocrx_word' id='word_1_136' title='bbox 613 2158 705 2244; x_wconf 84' lang='grc' dir='ltr'>λόγος</span> <span class='ocrx_word' id='word_1_137' title='bbox 717 2157 864 2242; x_wconf 83' lang='grc' dir='ltr'>·ε’γε’νετο”</span> <span class='ocrx_word' id='word_1_138' title='bbox 883 2158 938 2223; x_wconf 82' lang='grc' dir='ltr'>καί</span> <span class='ocrx_word' id='word_1_139' title='bbox 956 2151 1052 2232; x_wconf 82' lang='grc' dir='ltr'>αόθις</span> <span class='ocrx_word' id='word_1_140' title='bbox 1069 2155 1195 2242; x_wconf 76' lang='grc' dir='ltr'>“όλίγαι</span> <span class='ocrx_word' id='word_1_141' title='bbox 1218 2156 1345 2242; x_wconf 76' lang='grc' dir='ltr'>ῥανίδες</span> <span class='ocrx_word' id='word_1_142' title='bbox 1365 2156 1499 2239; x_wconf 78' lang='grc' dir='ltr'>αἵματος</span> 
     </span>
     <span class='ocr_line' id='line_1_17' title="bbox 379 2254 1571 2343; baseline -0.003 -20"><span class='ocrx_word' id='word_1_143' title='bbox 379 2262 479 2323; x_wconf 87' lang='grc' dir='ltr'>-θεοῦ</span> <span class='ocrx_word' id='word_1_144' title='bbox 496 2259 615 2341; x_wconf 88' lang='grc' dir='ltr'>κόσμον</span> <span class='ocrx_word' id='word_1_145' title='bbox 629 2256 710 2324; x_wconf 79' lang='grc' dir='ltr'>όλον</span> <span class='ocrx_word' id='word_1_146' title='bbox 732 2256 895 2342; x_wconf 81' lang='grc' dir='ltr'>ῦγιασαν,”</span> <span class='ocrx_word' id='word_1_147' title='bbox 927 2256 964 2321; x_wconf 75' lang='lat' dir='ltr'>ori</span> <span class='ocrx_word' id='word_1_148' title='bbox 984 2257 1162 2341; x_wconf 74' lang='grc' dir='ltr'>μεταβολὴν</span> <span class='ocrx_word' id='word_1_149' title='bbox 1184 2257 1257 2322; x_wconf 81' lang='grc' dir='ltr'>οόδὲ</span> <span class='ocrx_word' id='word_1_150' title='bbox 1276 2254 1396 2343; x_wconf 68' lang='grc' dir='ltr'>τροπὴν</span> <span class='ocrx_word' id='word_1_151' title='bbox 1416 2254 1498 2331; x_wconf 70' lang='lat' dir='ltr'>iiiuc</span> <span class='ocrx_word' id='word_1_152' title='bbox 1561 2306 1571 2314; x_wconf 17' lang='grc' dir='ltr'>,τ</span> 
     </span>
     <span class='ocr_line' id='line_1_18' title="bbox 401 2356 1563 2443; baseline -0.002 -20"><span class='ocrx_word' id='word_1_153' title='bbox 401 2358 600 2443; x_wconf 71' lang='grc' dir='ltr'>ὑπολήψεται</span> <span class='ocrx_word' id='word_1_154' title='bbox 633 2362 690 2443; x_wconf 72' lang='grc' dir='ltr'>τῆς</span> <span class='ocrx_word' id='word_1_155' title='bbox 723 2361 880 2443; x_wconf 84' lang='grc' dir='ltr'>θεότητος.</span> <span class='ocrx_word' id='word_1_156' title='bbox 933 2359 1000 2423; x_wconf 73' lang='grc' dir='ltr'>οὐδ’</span> <span class='ocrx_word' id='word_1_157' title='bbox 1031 2358 1082 2425; x_wconf 80' lang='grc' dir='ltr'>ὅτε</span> <span class='ocrx_word' id='word_1_158' title='bbox 1111 2362 1188 2424; x_wconf 85' lang='grc' dir='ltr'>θεοῦ</span> <span class='ocrx_word' id='word_1_159' title='bbox 1220 2358 1290 2424; x_wconf 79' lang='grc' dir='ltr'>υἱὸν</span> <span class='ocrx_word' id='word_1_160' title='bbox 1318 2356 1563 2431; x_wconf 69' lang='lat' dir='ltr'>duodecade„</span> 
     </span>
     <span class='ocr_line' id='line_1_19' title="bbox 404 2456 1553 2585; baseline -0.001 -60"><span class='ocrx_word' id='word_1_161' title='bbox 404 2456 585 2544; x_wconf 79' lang='grc' dir='ltr'>ἄνθρωπον,</span> <span class='ocrx_word' id='word_1_162' title='bbox 608 2464 678 2547; x_wconf 72' lang='grc' dir='ltr'>θεῷ’</span> <span class='ocrx_word' id='word_1_163' title='bbox 699 2458 839 2546; x_wconf 73' lang='grc' dir='ltr'>φυσικὴν</span> <span class='ocrx_word' id='word_1_164' title='bbox 870 2460 1011 2545; x_wconf 74' lang='grc' dir='ltr'>ἐννοήσει</span> <span class='ocrx_word' id='word_1_165' title='bbox 1043 2460 1099 2545; x_wconf 80' lang='grc' dir='ltr'>τὴν</span> <span class='ocrx_word' id='word_1_166' title='bbox 1126 2461 1210 2524; x_wconf 75' lang='grc' dir='ltr'>κάτω</span> <span class='ocrx_word' id='word_1_167' title='bbox 1244 2461 1397 2585; x_wconf 81' lang='grc' dir='ltr'>γέννησιν.</span> <span class='ocrx_word' id='word_1_168' title='bbox 1443 2458 1498 2524; x_wconf 84' lang='grc' dir='ltr'>ναί</span> <span class='ocrx_word' id='word_1_169' title='bbox 1551 2538 1553 2541; x_wconf 12' lang='lat' dir='ltr'>v</span> 
     </span>
     <span class='ocr_line' id='line_1_20' title="bbox 401 2558 1497 2683; baseline -0.001 -60"><span class='ocrx_word' id='word_1_170' title='bbox 401 2558 465 2643; x_wconf 73' lang='grc' dir='ltr'>μὴν</span> <span class='ocrx_word' id='word_1_171' title='bbox 487 2558 560 2627; x_wconf 68' lang='lat' dir='ltr'>oaldi</span> <span class='ocrx_word' id='word_1_172' title='bbox 577 2563 830 2647; x_wconf 80' lang='grc' dir='ltr'>μεταμόρφωσιν</span> <span class='ocrx_word' id='word_1_173' title='bbox 847 2562 984 2639; x_wconf 82' lang='grc' dir='ltr'>όκοόσας</span> <span class='ocrx_word' id='word_1_174' title='bbox 1006 2570 1072 2637; x_wconf 82' lang='grc' dir='ltr'>τοῖς</span> <span class='ocrx_word' id='word_1_175' title='bbox 1092 2585 1155 2625; x_wconf 91' lang='grc' dir='ltr'>των</span> <span class='ocrx_word' id='word_1_176' title='bbox 1170 2561 1391 2683; x_wconf 71' lang='grc' dir='ltr'>εικονομόχων</span> <span class='ocrx_word' id='word_1_177' title='bbox 1412 2558 1497 2625; x_wconf 84' lang='grc' dir='ltr'>ῦπα-</span> 
     </span>
     <span class='ocr_line' id='line_1_21' title="bbox 357 2656 1497 2787; baseline -0.004 -61"><span class='ocrx_word' id='word_1_178' title='bbox 357 2660 559 2743; x_wconf 66' lang='grc' dir='ltr'>θθχθὴσεται</span> <span class='ocrx_word' id='word_1_179' title='bbox 574 2659 736 2746; x_wconf 76' lang='grc' dir='ltr'>λόγοις,“</span> <span class='ocrx_word' id='word_1_180' title='bbox 710 2685 791 2727; x_wconf 84' lang='grc' dir='ltr'>ωστε</span> <span class='ocrx_word' id='word_1_181' title='bbox 807 2662 987 2746; x_wconf 73' lang='grc' dir='ltr'>μεταβολὴν</span> <span class='ocrx_word' id='word_1_182' title='bbox 1002 2662 1057 2726; x_wconf 91' lang='grc' dir='ltr'>και</span> <span class='ocrx_word' id='word_1_183' title='bbox 1079 2659 1198 2746; x_wconf 76' lang='grc' dir='ltr'>τροπὴν</span> <span class='ocrx_word' id='word_1_184' title='bbox 1211 2659 1329 2787; x_wconf 82' lang='grc' dir='ltr'>σμρκός</span> <span class='ocrx_word' id='word_1_185' title='bbox 1343 2662 1388 2737; x_wconf 75' lang='grc' dir='ltr'>εἰς</span> <span class='ocrx_word' id='word_1_186' title='bbox 1411 2656 1497 2725; x_wconf 76' lang='grc' dir='ltr'>ἄκτι-</span> 
     </span>
     <span class='ocr_line' id='line_1_22' title="bbox 403 2748 1543 2889; baseline 0 -64"><span class='ocrx_word' id='word_1_187' title='bbox 403 2748 476 2826; x_wconf 81' lang='grc' dir='ltr'>στόν</span> <span class='ocrx_word' id='word_1_188' title='bbox 496 2761 708 2887; x_wconf 83' lang='grc' dir='ltr'>εννενοηκὲναι</span> <span class='ocrx_word' id='word_1_189' title='bbox 729 2759 907 2846; x_wconf 82' lang='grc' dir='ltr'>θεότητα“</span> <span class='ocrx_word' id='word_1_190' title='bbox 887 2790 906 2846; x_wconf 86' lang='grc' dir='ltr'>η</span> <span class='ocrx_word' id='word_1_191' title='bbox 926 2762 1077 2889; x_wconf 81' lang='grc' dir='ltr'>θεότητος</span> <span class='ocrx_word' id='word_1_192' title='bbox 1097 2763 1314 2889; x_wconf 82' lang='grc' dir='ltr'>μετουσίωσιν</span> <span class='ocrx_word' id='word_1_193' title='bbox 1337 2765 1382 2839; x_wconf 88' lang='grc' dir='ltr'>εις</span> <span class='ocrx_word' id='word_1_194' title='bbox 1404 2758 1497 2848; x_wconf 85' lang='grc' dir='ltr'>ῦφει-</span> <span class='ocrx_word' id='word_1_195' title='bbox 1542 2756 1543 2760; x_wconf 50' lang='grc'>’</span> 
     </span>
     <span class='ocr_line' id='line_1_23' title="bbox 400 2854 1498 2952; baseline 0.001 -26"><span class='ocrx_word' id='word_1_196' title='bbox 400 2862 498 2945; x_wconf 85' lang='grc' dir='ltr'>μένην</span> <span class='ocrx_word' id='word_1_197' title='bbox 518 2862 573 2928; x_wconf 92' lang='grc' dir='ltr'>και</span> <span class='ocrx_word' id='word_1_198' title='bbox 597 2862 811 2930; x_wconf 77' lang='grc' dir='ltr'>ἀνυπόστατον</span> <span class='ocrx_word' id='word_1_199' title='bbox 835 2862 932 2952; x_wconf 82' lang='grc' dir='ltr'>αλλην</span> <span class='ocrx_word' id='word_1_200' title='bbox 954 2867 1010 2930; x_wconf 80' lang='grc' dir='ltr'>καὶ</span> <span class='ocrx_word' id='word_1_201' title='bbox 1031 2865 1178 2933; x_wconf 87' lang='grc' dir='ltr'>όνοόσιον</span> <span class='ocrx_word' id='word_1_202' title='bbox 1195 2854 1330 2948; x_wconf 88' lang='grc' dir='ltr'>θεότητα</span> <span class='ocrx_word' id='word_1_203' title='bbox 1350 2863 1431 2929; x_wconf 80' lang='grc' dir='ltr'>κατὰ</span> <span class='ocrx_word' id='word_1_204' title='bbox 1443 2861 1498 2927; x_wconf 89' lang='grc' dir='ltr'>τόν</span> 
     </span>
     <span class='ocr_line' id='line_1_24' title="bbox 402 2962 1497 3053; baseline -0.004 -25"><span class='ocrx_word' id='word_1_205' title='bbox 402 2964 577 3045; x_wconf 84' lang='grc' dir='ltr'>Παλαμῦν.</span> <span class='ocrx_word' id='word_1_206' title='bbox 592 2964 621 3027; x_wconf 80' lang='grc' dir='ltr'>εἰ</span> <span class='ocrx_word' id='word_1_207' title='bbox 636 2965 671 3028; x_wconf 81' lang='grc' dir='ltr'>δὲ</span> <span class='ocrx_word' id='word_1_208' title='bbox 682 2968 774 3029; x_wconf 67' lang='grc' dir='ltr'>τοῦθ’</span> <span class='ocrx_word' id='word_1_209' title='bbox 784 2964 875 3044; x_wconf 84' lang='grc' dir='ltr'>οῦτω,</span> <span class='ocrx_word' id='word_1_210' title='bbox 890 2967 999 3053; x_wconf 73' lang='grc' dir='ltr'>πολλῷ</span> <span class='ocrx_word' id='word_1_211' title='bbox 1010 2967 1133 3049; x_wconf 82' lang='grc' dir='ltr'>μᾶλλον</span> <span class='ocrx_word' id='word_1_212' title='bbox 1147 2964 1215 3029; x_wconf 77' lang='grc' dir='ltr'>οὐδ’</span> <span class='ocrx_word' id='word_1_213' title='bbox 1230 2962 1389 3043; x_wconf 77' lang='grc' dir='ltr'>ότεόόξαν</span> <span class='ocrx_word' id='word_1_214' title='bbox 1403 2962 1497 3027; x_wconf 80' lang='grc' dir='ltr'>ἀκοῦ-</span> 
     </span>
    </p>
   </div>
   <div class='ocr_carea' id='block_1_3' title="bbox 302 3294 1543 4577">
    <p class='ocr_par' dir='ltr' id='par_1_3' title="bbox 302 3294 1543 4577">
     <span class='ocr_line' id='line_1_25' title="bbox 402 3294 1543 3363; baseline 0 -16"><span class='ocrx_word' id='word_1_215' title='bbox 402 3294 541 3347; x_wconf 83' lang='lat' dir='ltr'>riationem</span> <span class='ocrx_word' id='word_1_216' title='bbox 570 3302 616 3345; x_wconf 89' lang='lat' dir='ltr'>aot</span> <span class='ocrx_word' id='word_1_217' title='bbox 638 3294 810 3346; x_wconf 70' lang='lat' dir='ltr'><strong>mutationem</strong></span> <span class='ocrx_word' id='word_1_218' title='bbox 838 3294 920 3347; x_wconf 87' lang='lat' dir='ltr'>aliam</span> <span class='ocrx_word' id='word_1_219' title='bbox 937 3296 1058 3349; x_wconf 83' lang='lat' dir='ltr'>subesse.</span> <span class='ocrx_word' id='word_1_220' title='bbox 1108 3295 1178 3363; x_wconf 87' lang='lat' dir='ltr'>quod</span> <span class='ocrx_word' id='word_1_221' title='bbox 1207 3296 1230 3346; x_wconf 87' lang='lat' dir='ltr'>ai</span> <span class='ocrx_word' id='word_1_222' title='bbox 1257 3308 1311 3346; x_wconf 92' lang='lat' dir='ltr'>non</span> <span class='ocrx_word' id='word_1_223' title='bbox 1331 3302 1412 3360; x_wconf 85' lang='lat' dir='ltr'>esset,</span> <span class='ocrx_word' id='word_1_224' title='bbox 1430 3294 1499 3347; x_wconf 87' lang='lat' dir='ltr'>nihil</span> <span class='ocrx_word' id='word_1_225' title='bbox 1533 3310 1543 3320; x_wconf 35' lang='grc' dir='ltr'>ι·</span> 
     </span>
     <span class='ocr_line' id='line_1_26' title="bbox 403 3360 1498 3451; baseline -0.004 -35"><span class='ocrx_word' id='word_1_226' title='bbox 403 3368 508 3417; x_wconf 90' lang='lat' dir='ltr'>omnino</span> <span class='ocrx_word' id='word_1_227' title='bbox 528 3364 676 3431; x_wconf 89' lang='lat' dir='ltr'>impediret,</span> <span class='ocrx_word' id='word_1_228' title='bbox 696 3368 835 3433; x_wconf 73' lang='lat' dir='ltr'>quominus</span> <span class='ocrx_word' id='word_1_229' title='bbox 855 3368 886 3418; x_wconf 88' lang='lat' dir='ltr'>nd</span> <span class='ocrx_word' id='word_1_230' title='bbox 904 3368 1066 3451; x_wconf 79' lang='lat' dir='ltr'>impietatem</span> <span class='ocrx_word' id='word_1_231' title='bbox 1093 3360 1273 3449; x_wconf 76' lang='lat' dir='ltr'>propenderet</span> <span class='ocrx_word' id='word_1_232' title='bbox 1292 3373 1320 3416; x_wconf 92' lang='lat' dir='ltr'>et</span> <span class='ocrx_word' id='word_1_233' title='bbox 1338 3364 1381 3417; x_wconf 89' lang='lat' dir='ltr'>din</span> <span class='ocrx_word' id='word_1_234' title='bbox 1400 3375 1498 3417; x_wconf 89' lang='lat' dir='ltr'>noctu.</span> 
     </span>
     <span class='ocr_line' id='line_1_27' title="bbox 404 3436 1499 3505; baseline -0.005 -17"><span class='ocrx_word' id='word_1_235' title='bbox 404 3453 455 3505; x_wconf 89' lang='lat' dir='ltr'>que</span> <span class='ocrx_word' id='word_1_236' title='bbox 474 3437 691 3488; x_wconf 74' lang='lat' dir='ltr'>circumferretur</span> <span class='ocrx_word' id='word_1_237' title='bbox 711 3446 738 3488; x_wconf 92' lang='lat' dir='ltr'>et</span> <span class='ocrx_word' id='word_1_238' title='bbox 756 3440 908 3499; x_wconf 86' lang='lat' dir='ltr'>iactaretur,</span> <span class='ocrx_word' id='word_1_239' title='bbox 928 3446 957 3501; x_wconf 83' lang='lat' dir='ltr'>ot</span> <span class='ocrx_word' id='word_1_240' title='bbox 975 3439 1061 3489; x_wconf 85' lang='lat' dir='ltr'>inanis</span> <span class='ocrx_word' id='word_1_241' title='bbox 1080 3438 1157 3488; x_wconf 86' lang='lat' dir='ltr'>navis</span> <span class='ocrx_word' id='word_1_242' title='bbox 1182 3438 1328 3487; x_wconf 85' lang='lat' dir='ltr'>aestuantis</span> <span class='ocrx_word' id='word_1_243' title='bbox 1348 3438 1426 3487; x_wconf 85' lang='lat' dir='ltr'>maris</span> <span class='ocrx_word' id='word_1_244' title='bbox 1446 3436 1499 3487; x_wconf 80' lang='lat' dir='ltr'>du..</span> 
     </span>
     <span class='ocr_line' id='line_1_28' title="bbox 403 3507 1499 3577; baseline -0.005 -18"><span class='ocrx_word' id='word_1_245' title='bbox 403 3508 508 3560; x_wconf 86' lang='lat' dir='ltr'>ctibus</span> <span class='ocrx_word' id='word_1_246' title='bbox 518 3508 569 3558; x_wconf 91' lang='lat' dir='ltr'>buc</span> <span class='ocrx_word' id='word_1_247' title='bbox 595 3507 662 3558; x_wconf 88' lang='lat' dir='ltr'>illue</span> <span class='ocrx_word' id='word_1_248' title='bbox 682 3508 779 3560; x_wconf 82' lang='lat' dir='ltr'>iactata</span> <span class='ocrx_word' id='word_1_249' title='bbox 807 3516 834 3560; x_wconf 93' lang='lat' dir='ltr'>et</span> <span class='ocrx_word' id='word_1_250' title='bbox 851 3509 941 3560; x_wconf 88' lang='lat' dir='ltr'>multis</span> <span class='ocrx_word' id='word_1_251' title='bbox 960 3510 1048 3560; x_wconf 81' lang='lat' dir='ltr'>ventis</span> <span class='ocrx_word' id='word_1_252' title='bbox 1067 3512 1165 3577; x_wconf 85' lang='lat' dir='ltr'>agitata</span> <span class='ocrx_word' id='word_1_253' title='bbox 1191 3515 1217 3558; x_wconf 89' lang='lat' dir='ltr'>et</span> <span class='ocrx_word' id='word_1_254' title='bbox 1237 3508 1264 3557; x_wconf 92' lang='lat' dir='ltr'>in</span> <span class='ocrx_word' id='word_1_255' title='bbox 1283 3508 1428 3573; x_wconf 91' lang='lat' dir='ltr'>perniciem</span> <span class='ocrx_word' id='word_1_256' title='bbox 1448 3509 1499 3560; x_wconf 91' lang='lat' dir='ltr'>du.</span> 
     </span>
     <span class='ocr_line' id='line_1_29' title="bbox 349 3578 1499 3648; baseline -0.004 -17"><span class='ocrx_word' id='word_1_257' title='bbox 349 3611 357 3631; x_wconf 70' lang='grc' dir='ltr'><strong><em>ι</em></strong></span> <span class='ocrx_word' id='word_1_258' title='bbox 403 3587 453 3631; x_wconf 86' lang='lat' dir='ltr'>cta.</span> <span class='ocrx_word' id='word_1_259' title='bbox 492 3580 600 3641; x_wconf 80' lang='lat' dir='ltr'>etenim,</span> <span class='ocrx_word' id='word_1_260' title='bbox 622 3586 652 3630; x_wconf 92' lang='lat' dir='ltr'>ut</span> <span class='ocrx_word' id='word_1_261' title='bbox 672 3579 990 3648; x_wconf 81' lang='lat' dir='ltr'>aitmagnusiiasilius,</span> <span class='ocrx_word' id='word_1_262' title='bbox 1020 3580 1042 3631; x_wconf 87' lang='lat' dir='ltr'>ai</span> <span class='ocrx_word' id='word_1_263' title='bbox 1063 3581 1121 3648; x_wconf 82' lang='lat' dir='ltr'>quia</span> <span class='ocrx_word' id='word_1_264' title='bbox 1150 3578 1300 3629; x_wconf 75' lang='lat' dir='ltr'>temeread</span> <span class='ocrx_word' id='word_1_265' title='bbox 1321 3580 1499 3661; x_wconf 72' lang='lat' dir='ltr'>scriptandi.</span> 
     </span>
     <span class='ocr_line' id='line_1_30' title="bbox 314 3648 1499 3736; baseline 0 -39"><span class='ocrx_word' id='word_1_266' title='bbox 314 3678 324 3697; x_wconf 61' lang='grc' dir='ltr'><strong><em>ι</em></strong></span> <span class='ocrx_word' id='word_1_267' title='bbox 401 3666 470 3701; x_wconf 89' lang='lat' dir='ltr'>mum</span> <span class='ocrx_word' id='word_1_268' title='bbox 490 3649 619 3712; x_wconf 87' lang='lat' dir='ltr'>attulerit,</span> <span class='ocrx_word' id='word_1_269' title='bbox 638 3649 673 3700; x_wconf 87' lang='lat' dir='ltr'>ad</span> <span class='ocrx_word' id='word_1_270' title='bbox 687 3650 847 3703; x_wconf 89' lang='lat' dir='ltr'>Graecorum</span> <span class='ocrx_word' id='word_1_271' title='bbox 871 3651 1079 3736; x_wconf 81' lang='lat' dir='ltr'>indecorumque</span> <span class='ocrx_word' id='word_1_272' title='bbox 1102 3648 1204 3700; x_wconf 89' lang='lat' dir='ltr'>iabulas</span> <span class='ocrx_word' id='word_1_273' title='bbox 1224 3650 1366 3715; x_wconf 74' lang='lat' dir='ltr'>perveniet</span> <span class='ocrx_word' id='word_1_274' title='bbox 1385 3658 1412 3701; x_wconf 92' lang='lat' dir='ltr'>et</span> <span class='ocrx_word' id='word_1_275' title='bbox 1431 3665 1499 3717; x_wconf 90' lang='lat' dir='ltr'>ege.</span> 
     </span>
     <span class='ocr_line' id='line_1_31' title="bbox 400 3720 1499 3790; baseline -0.005 -17"><span class='ocrx_word' id='word_1_276' title='bbox 400 3737 452 3773; x_wconf 86' lang='lat' dir='ltr'>uus</span> <span class='ocrx_word' id='word_1_277' title='bbox 470 3722 550 3788; x_wconf 87' lang='lat' dir='ltr'>digna</span> <span class='ocrx_word' id='word_1_278' title='bbox 571 3721 614 3771; x_wconf 93' lang='lat' dir='ltr'>dei</span> <span class='ocrx_word' id='word_1_279' title='bbox 634 3723 791 3790; x_wconf 73' lang='lat' dir='ltr'>cognitione</span> <span class='ocrx_word' id='word_1_280' title='bbox 809 3724 936 3773; x_wconf 86' lang='lat' dir='ltr'>senescit.</span> <span class='ocrx_word' id='word_1_281' title='bbox 975 3723 1022 3773; x_wconf 85' lang='lat' dir='ltr'>sed</span> <span class='ocrx_word' id='word_1_282' title='bbox 1042 3722 1076 3785; x_wconf 91' lang='lat' dir='ltr'>ei,</span> <span class='ocrx_word' id='word_1_283' title='bbox 1097 3722 1141 3789; x_wconf 88' lang='lat' dir='ltr'>qui</span> <span class='ocrx_word' id='word_1_284' title='bbox 1162 3720 1297 3786; x_wconf 80' lang='lat' dir='ltr'>duplicem</span> <span class='ocrx_word' id='word_1_285' title='bbox 1318 3727 1344 3771; x_wconf 88' lang='lat' dir='ltr'>et</span> <span class='ocrx_word' id='word_1_286' title='bbox 1361 3723 1499 3789; x_wconf 92' lang='lat' dir='ltr'>composi.</span> 
     </span>
     <span class='ocr_line' id='line_1_32' title="bbox 401 3790 1501 3860; baseline -0.005 -16"><span class='ocrx_word' id='word_1_287' title='bbox 401 3800 455 3845; x_wconf 88' lang='lat' dir='ltr'>tom</span> <span class='ocrx_word' id='word_1_288' title='bbox 475 3808 507 3843; x_wconf 86' lang='lat' dir='ltr'>ex</span> <span class='ocrx_word' id='word_1_289' title='bbox 526 3792 619 3843; x_wconf 51' lang='lat' dir='ltr'>diuino</span> <span class='ocrx_word' id='word_1_290' title='bbox 641 3801 668 3844; x_wconf 89' lang='lat' dir='ltr'>et</span> <span class='ocrx_word' id='word_1_291' title='bbox 696 3794 808 3844; x_wconf 89' lang='lat' dir='ltr'>bumauo</span> <span class='ocrx_word' id='word_1_292' title='bbox 828 3794 1003 3860; x_wconf 82' lang='lat' dir='ltr'>compositum</span> <span class='ocrx_word' id='word_1_293' title='bbox 1024 3792 1154 3847; x_wconf 82' lang='lat' dir='ltr'>Christum</span> <span class='ocrx_word' id='word_1_294' title='bbox 1181 3790 1336 3855; x_wconf 80' lang='lat' dir='ltr'>intellexit,</span> <span class='ocrx_word' id='word_1_295' title='bbox 1359 3806 1411 3843; x_wconf 89' lang='lat' dir='ltr'>non</span> <span class='ocrx_word' id='word_1_296' title='bbox 1442 3807 1501 3842; x_wconf 90' lang='lat' dir='ltr'>ma.</span> 
     </span>
     <span class='ocr_line' id='line_1_33' title="bbox 402 3863 1500 3933; baseline -0.005 -19"><span class='ocrx_word' id='word_1_297' title='bbox 402 3879 482 3933; x_wconf 89' lang='lat' dir='ltr'>gnum</span> <span class='ocrx_word' id='word_1_298' title='bbox 501 3878 567 3929; x_wconf 89' lang='lat' dir='ltr'>opos</span> <span class='ocrx_word' id='word_1_299' title='bbox 588 3871 644 3928; x_wconf 90' lang='lat' dir='ltr'>est,</span> <span class='ocrx_word' id='word_1_300' title='bbox 662 3866 773 3932; x_wconf 75' lang='lat' dir='ltr'>grandin</span> <span class='ocrx_word' id='word_1_301' title='bbox 791 3865 883 3916; x_wconf 76' lang='lat' dir='ltr'>deitati</span> <span class='ocrx_word' id='word_1_302' title='bbox 902 3864 1037 3929; x_wconf 90' lang='lat' dir='ltr'>tribuere,</span> <span class='ocrx_word' id='word_1_303' title='bbox 1056 3864 1143 3915; x_wconf 85' lang='lat' dir='ltr'>iniima</span> <span class='ocrx_word' id='word_1_304' title='bbox 1163 3864 1326 3915; x_wconf 82' lang='lat' dir='ltr'>humanitati.</span> <span class='ocrx_word' id='word_1_305' title='bbox 1365 3870 1391 3914; x_wconf 89' lang='lat' dir='ltr'>et</span> <span class='ocrx_word' id='word_1_306' title='bbox 1408 3863 1430 3912; x_wconf 86' lang='lat' dir='ltr'>si</span> <span class='ocrx_word' id='word_1_307' title='bbox 1450 3878 1500 3913; x_wconf 92' lang='lat' dir='ltr'>au.</span> 
     </span>
     <span class='ocr_line' id='line_1_34' title="bbox 401 3934 1500 4001; baseline -0.004 -15"><span class='ocrx_word' id='word_1_308' title='bbox 401 3935 507 3986; x_wconf 89' lang='lat' dir='ltr'>dierit</span> <span class='ocrx_word' id='word_1_309' title='bbox 508 3948 579 3984; x_wconf 85' lang='lat' dir='ltr'>earo</span> <span class='ocrx_word' id='word_1_310' title='bbox 600 3934 696 3986; x_wconf 86' lang='lat' dir='ltr'>iactum</span> <span class='ocrx_word' id='word_1_311' title='bbox 716 3943 757 3986; x_wconf 86' lang='lat' dir='ltr'>est</span> <span class='ocrx_word' id='word_1_312' title='bbox 773 3936 912 3999; x_wconf 80' lang='lat' dir='ltr'>verbum,</span> <span class='ocrx_word' id='word_1_313' title='bbox 932 3944 959 3986; x_wconf 92' lang='lat' dir='ltr'>et</span> <span class='ocrx_word' id='word_1_314' title='bbox 977 3951 1067 3987; x_wconf 87' lang='lat' dir='ltr'>rursus</span> <span class='ocrx_word' id='word_1_315' title='bbox 1088 3934 1250 3986; x_wconf 86' lang='lat' dir='ltr'>nonnullae</span> <span class='ocrx_word' id='word_1_316' title='bbox 1263 3934 1346 3985; x_wconf 79' lang='lat' dir='ltr'>divana</span> <span class='ocrx_word' id='word_1_317' title='bbox 1363 3948 1500 4001; x_wconf 80' lang='lat' dir='ltr'>sanguinis</span> 
     </span>
     <span class='ocr_line' id='line_1_35' title="bbox 401 4006 1500 4073; baseline 0.001 -19"><span class='ocrx_word' id='word_1_318' title='bbox 401 4011 493 4073; x_wconf 82' lang='lat' dir='ltr'>guttae</span> <span class='ocrx_word' id='word_1_319' title='bbox 511 4006 664 4056; x_wconf 84' lang='lat' dir='ltr'>universum</span> <span class='ocrx_word' id='word_1_320' title='bbox 681 4007 803 4058; x_wconf 86' lang='lat' dir='ltr'>mundum</span> <span class='ocrx_word' id='word_1_321' title='bbox 825 4007 969 4058; x_wconf 86' lang='lat' dir='ltr'>sanarunt&#39;</span> <span class='ocrx_word' id='word_1_322' title='bbox 994 4021 1047 4057; x_wconf 89' lang='lat' dir='ltr'>non</span> <span class='ocrx_word' id='word_1_323' title='bbox 1071 4008 1243 4056; x_wconf 85' lang='lat' dir='ltr'>mutationem</span> <span class='ocrx_word' id='word_1_324' title='bbox 1262 4014 1306 4056; x_wconf 85' lang='lat' dir='ltr'>aut</span> <span class='ocrx_word' id='word_1_325' title='bbox 1325 4006 1500 4057; x_wconf 79' lang='lat' dir='ltr'>variationem</span> 
     </span>
     <span class='ocr_line' id='line_1_36' title="bbox 403 4074 1499 4140; baseline -0.002 -13"><span class='ocrx_word' id='word_1_326' title='bbox 403 4076 510 4127; x_wconf 90' lang='lat' dir='ltr'>omnino</span> <span class='ocrx_word' id='word_1_327' title='bbox 530 4074 635 4127; x_wconf 73' lang='lat' dir='ltr'>deitatis</span> <span class='ocrx_word' id='word_1_328' title='bbox 655 4092 715 4127; x_wconf 84' lang='lat' dir='ltr'>esse</span> <span class='ocrx_word' id='word_1_329' title='bbox 734 4079 862 4129; x_wconf 88' lang='lat' dir='ltr'>coniiciet</span> <span class='ocrx_word' id='word_1_330' title='bbox 879 4093 930 4128; x_wconf 89' lang='lat' dir='ltr'>nee</span> <span class='ocrx_word' id='word_1_331' title='bbox 952 4077 996 4129; x_wconf 93' lang='lat' dir='ltr'>ubi</span> <span class='ocrx_word' id='word_1_332' title='bbox 1023 4078 1065 4130; x_wconf 89' lang='lat' dir='ltr'>dei</span> <span class='ocrx_word' id='word_1_333' title='bbox 1084 4077 1166 4129; x_wconf 83' lang='lat' dir='ltr'>lilium</span> <span class='ocrx_word' id='word_1_334' title='bbox 1184 4078 1257 4128; x_wconf 89' lang='lat' dir='ltr'>audit</span> <span class='ocrx_word' id='word_1_335' title='bbox 1276 4092 1336 4128; x_wconf 83' lang='lat' dir='ltr'>esso</span> <span class='ocrx_word' id='word_1_336' title='bbox 1356 4078 1499 4140; x_wconf 86' lang='lat' dir='ltr'>bominem,</span> 
     </span>
     <span class='ocr_line' id='line_1_37' title="bbox 403 4146 1499 4217; baseline -0.001 -18"><span class='ocrx_word' id='word_1_337' title='bbox 403 4148 453 4199; x_wconf 90' lang='lat' dir='ltr'>deo</span> <span class='ocrx_word' id='word_1_338' title='bbox 479 4146 626 4197; x_wconf 76' lang='lat' dir='ltr'>naturalem</span> <span class='ocrx_word' id='word_1_339' title='bbox 653 4148 736 4199; x_wconf 84' lang='lat' dir='ltr'>inisse</span> <span class='ocrx_word' id='word_1_340' title='bbox 760 4151 893 4217; x_wconf 81' lang='lat' dir='ltr'>originem</span> <span class='ocrx_word' id='word_1_341' title='bbox 911 4148 1057 4216; x_wconf 87' lang='lat' dir='ltr'>intelliget.</span> <span class='ocrx_word' id='word_1_342' title='bbox 1101 4150 1163 4217; x_wconf 86' lang='lat' dir='ltr'>quin</span> <span class='ocrx_word' id='word_1_343' title='bbox 1186 4149 1264 4198; x_wconf 89' lang='lat' dir='ltr'>etiam</span> <span class='ocrx_word' id='word_1_344' title='bbox 1289 4150 1311 4199; x_wconf 86' lang='lat' dir='ltr'>si</span> <span class='ocrx_word' id='word_1_345' title='bbox 1339 4147 1371 4198; x_wconf 92' lang='lat' dir='ltr'>de</span> <span class='ocrx_word' id='word_1_346' title='bbox 1391 4146 1499 4198; x_wconf 87' lang='lat' dir='ltr'>transii.</span> 
     </span>
     <span class='ocr_line' id='line_1_38' title="bbox 402 4208 1499 4291; baseline 0 -23"><span class='ocrx_word' id='word_1_347' title='bbox 402 4210 544 4285; x_wconf 80' lang='lat' dir='ltr'>geratiodc</span> <span class='ocrx_word' id='word_1_348' title='bbox 564 4219 687 4281; x_wconf 86' lang='lat' dir='ltr'>audierit,</span> <span class='ocrx_word' id='word_1_349' title='bbox 706 4236 760 4271; x_wconf 90' lang='lat' dir='ltr'>non</span> <span class='ocrx_word' id='word_1_350' title='bbox 779 4221 1013 4291; x_wconf 75' lang='lat' dir='ltr'>iconomachorum</span> <span class='ocrx_word' id='word_1_351' title='bbox 1033 4220 1111 4285; x_wconf 85' lang='lat' dir='ltr'>dictis</span> <span class='ocrx_word' id='word_1_352' title='bbox 1131 4220 1289 4285; x_wconf 76' lang='lat' dir='ltr'>decipietur,</span> <span class='ocrx_word' id='word_1_353' title='bbox 1308 4208 1344 4269; x_wconf 68' lang='lat' dir='ltr'>i‘ta</span> <span class='ocrx_word' id='word_1_354' title='bbox 1364 4226 1391 4269; x_wconf 84' lang='lat' dir='ltr'>ut</span> <span class='ocrx_word' id='word_1_355' title='bbox 1411 4226 1499 4269; x_wconf 87' lang='lat' dir='ltr'>muta.</span> 
     </span>
     <span class='ocr_line' id='line_1_39' title="bbox 402 4289 1499 4358; baseline -0.002 -17"><span class='ocrx_word' id='word_1_356' title='bbox 402 4293 502 4342; x_wconf 89' lang='lat' dir='ltr'>tionem</span> <span class='ocrx_word' id='word_1_357' title='bbox 523 4295 550 4339; x_wconf 90' lang='lat' dir='ltr'>ct</span> <span class='ocrx_word' id='word_1_358' title='bbox 568 4292 742 4342; x_wconf 85' lang='lat' dir='ltr'>variationem</span> <span class='ocrx_word' id='word_1_359' title='bbox 764 4296 850 4345; x_wconf 84' lang='lat' dir='ltr'>earnis</span> <span class='ocrx_word' id='word_1_360' title='bbox 869 4294 897 4344; x_wconf 92' lang='lat' dir='ltr'>in</span> <span class='ocrx_word' id='word_1_361' title='bbox 917 4294 1060 4344; x_wconf 86' lang='lat' dir='ltr'>increatum</span> <span class='ocrx_word' id='word_1_362' title='bbox 1073 4294 1197 4343; x_wconf 87' lang='lat' dir='ltr'>deitatem</span> <span class='ocrx_word' id='word_1_363' title='bbox 1211 4290 1356 4358; x_wconf 86' lang='lat' dir='ltr'>intelligat,</span> <span class='ocrx_word' id='word_1_364' title='bbox 1374 4296 1419 4341; x_wconf 92' lang='lat' dir='ltr'>aut</span> <span class='ocrx_word' id='word_1_365' title='bbox 1438 4289 1499 4340; x_wconf 92' lang='lat' dir='ltr'>dei.</span> 
     </span>
     <span class='ocr_line' id='line_1_40' title="bbox 402 4359 1500 4415; baseline -0.003 -2"><span class='ocrx_word' id='word_1_366' title='bbox 402 4362 466 4413; x_wconf 86' lang='lat' dir='ltr'>tatis</span> <span class='ocrx_word' id='word_1_367' title='bbox 486 4359 835 4415; x_wconf 63' lang='lat' dir='ltr'>transubstantiationem</span> <span class='ocrx_word' id='word_1_368' title='bbox 828 4380 854 4415; x_wconf 88' lang='lat' dir='ltr'>m</span> <span class='ocrx_word' id='word_1_369' title='bbox 875 4363 1021 4415; x_wconf 88' lang='lat' dir='ltr'>subiectam</span> <span class='ocrx_word' id='word_1_370' title='bbox 1043 4371 1069 4413; x_wconf 89' lang='lat' dir='ltr'>et</span> <span class='ocrx_word' id='word_1_371' title='bbox 1088 4362 1315 4414; x_wconf 72' lang='lat' dir='ltr'>insubstantialem</span> <span class='ocrx_word' id='word_1_372' title='bbox 1341 4361 1451 4412; x_wconf 88' lang='lat' dir='ltr'>alteram</span> <span class='ocrx_word' id='word_1_373' title='bbox 1473 4367 1500 4411; x_wconf 89' lang='lat' dir='ltr'>et</span> 
     </span>
     <span class='ocr_line' id='line_1_41' title="bbox 401 4431 1500 4503; baseline -0.003 -19"><span class='ocrx_word' id='word_1_374' title='bbox 401 4432 602 4486; x_wconf 83' lang='lat' dir='ltr'>inessentialem</span> <span class='ocrx_word' id='word_1_375' title='bbox 621 4432 745 4489; x_wconf 84' lang='lat' dir='ltr'>deitatem</span> <span class='ocrx_word' id='word_1_376' title='bbox 760 4437 903 4488; x_wconf 86' lang='lat' dir='ltr'>secundum</span> <span class='ocrx_word' id='word_1_377' title='bbox 914 4435 1054 4487; x_wconf 84' lang='lat' dir='ltr'>Palamam.</span> <span class='ocrx_word' id='word_1_378' title='bbox 1092 4436 1161 4503; x_wconf 91' lang='lat' dir='ltr'>quod</span> <span class='ocrx_word' id='word_1_379' title='bbox 1181 4437 1203 4486; x_wconf 85' lang='lat' dir='ltr'>si</span> <span class='ocrx_word' id='word_1_380' title='bbox 1222 4436 1257 4489; x_wconf 82' lang='lat' dir='ltr'>ita</span> <span class='ocrx_word' id='word_1_381' title='bbox 1278 4443 1326 4495; x_wconf 85' lang='lat' dir='ltr'>eat,</span> <span class='ocrx_word' id='word_1_382' title='bbox 1347 4431 1429 4484; x_wconf 89' lang='lat' dir='ltr'>multo</span> <span class='ocrx_word' id='word_1_383' title='bbox 1448 4432 1500 4482; x_wconf 90' lang='lat' dir='ltr'>mi.</span> 
     </span>
     <span class='ocr_line' id='line_1_42' title="bbox 302 4502 1499 4577; baseline 0.001 -23"><span class='ocrx_word' id='word_1_384' title='bbox 302 4511 306 4516; x_wconf 75' lang='grc'><strong>“</strong></span> <span class='ocrx_word' id='word_1_385' title='bbox 401 4518 453 4556; x_wconf 86' lang='lat' dir='ltr'>nus</span> <span class='ocrx_word' id='word_1_386' title='bbox 471 4503 516 4555; x_wconf 90' lang='lat' dir='ltr'>obi</span> <span class='ocrx_word' id='word_1_387' title='bbox 538 4502 651 4573; x_wconf 84' lang='lat' dir='ltr'>gloriam</span> <span class='ocrx_word' id='word_1_388' title='bbox 670 4504 777 4560; x_wconf 83' lang='lat' dir='ltr'>deitatis</span> <span class='ocrx_word' id='word_1_389' title='bbox 796 4507 902 4577; x_wconf 87' lang='lat' dir='ltr'>panium</span> <span class='ocrx_word' id='word_1_390' title='bbox 933 4507 1093 4576; x_wconf 80' lang='lat' dir='ltr'>subopertae</span> <span class='ocrx_word' id='word_1_391' title='bbox 1110 4514 1156 4558; x_wconf 85' lang='lat' dir='ltr'>not</span> <span class='ocrx_word' id='word_1_392' title='bbox 1175 4505 1356 4560; x_wconf 83' lang='lat' dir='ltr'>subindicatao</span> <span class='ocrx_word' id='word_1_393' title='bbox 1375 4502 1499 4567; x_wconf 86' lang='lat' dir='ltr'>audierit,</span> 
     </span>
    </p>
   </div>
   <div class='ocr_carea' id='block_1_4' title="bbox 0 0 2010 5392">
    <p class='ocr_par' dir='ltr' id='par_1_4' title="bbox 0 0 2010 5392">
     <span class='ocr_line' id='line_1_43' title="bbox 0 0 2010 5392; baseline 0 0"><span class='ocrx_word' id='word_1_394' title='bbox 0 0 2010 5392; x_wconf 95' lang='lat' dir='ltr'> </span> 
     </span>
    </p>
   </div>
  </div>
 </body>
</html>
