4000 5392
512 778 584 859 llil
822 789 1062 859 nicoenoar
1077 788 1308 857 GREGORAE

507 954 568 1033 pir
588 954 692 1035 η’ρέμα
714 954 769 1015 καί
782 953 906 1038 σπουδῇ
928 958 1139 1036 περαίνοντες,
1156 949 1214 1032 τήν
1227 952 1263 1015 δέ
1277 972 1312 1031 γε
1325 949 1475 1034 τήςέμής
1496 943 1612 1013 όπιόν-

508 1076 558 1129 τες
581 1046 683 1127 ἄλλοις
709 1049 831 1137 μητρός
860 1047 1081 1135 ἁπλουστέραν
1110 1050 1293 1132 εδμένειαν,
1322 1048 1457 1137 δφόλοον
1486 1052 1610 1130 πετρῶν

510 1154 639 1241 ου’δαμῇ
662 1180 711 1219 ποτ
731 1151 902 1237 μαθοόσης
922 1152 1150 1232 συμπτώματα,
1168 1150 1224 1215 καί
1236 1152 1350 1225 δόλους
1370 1153 1431 1232 μὲν
1453 1148 1537 1236 ου’τή
1557 1153 1613 1214 καί

509 1254 680 1339 προδοσίας
708 1251 874 1341 ῥόπιοντες
896 1231 1018 1337 ἡμέρας
1038 1251 1094 1315 καί
1112 1252 1228 1334 νυκτός,
1250 1255 1360 1336 φιλίας
1380 1252 1409 1315 δ’
1433 1244 1475 1315 αδ
1491 1246 1612 1333 ἑτέρον-

508 1362 564 1421 θεν
588 1351 762 1432 δεικνόντες
782 1356 959 1437 πρόσωπον,
981 1350 1098 1417 έλαθον
1111 1355 1258 1440 ἀψοφητί
1277 1358 1322 1442 τῷ
1343 1355 1408 1417 τῶν
1430 1349 1637 1429 διωκόντυνρ

509 1456 743 1541 προδεδωκότες
763 1458 869 1541 βυθῷ,
894 1458 1018 1541 ληστῶν
1041 1453 1229 1537 α’δικοότεροι
1251 1450 1376 1519 πόντων
1398 1462 1460 1529 τοῖς
1481 1454 1611 1537 ουἐργί-

436 1586 498 1645 ss
509 1582 580 1633 ταις
604 1561 756 1643 φανέντες
777 1556 863 1639 ἡμῖν.
906 1554 943 1621 τό
970 1558 1006 1620 δέ
1028 1555 1162 1619 τοιαῦτα
1178 1557 1233 1638 τής
1254 1550 1439 1638 ἀπορρήτου
1460 1558 1611 1636 προνοίας

508 1659 647 1740 κρίματα
668 1661 817 1740 έρευνοῖν,
857 1652 942 1731 ὅπως
976 1652 1006 1720 οἱ
1032 1656 1072 1719 τό
1107 1657 1214 1720 δίκαια
1239 1657 1406 1739 ζητοῦντες
1433 1654 1525 1739 ἡμεῖς
1545 1662 1611 1728 τοῖς

508 1760 629 1834 ιε’δίκοις
653 1756 719 1840 Ιδπό
744 1761 806 1824 τῶν
829 1760 948 1823 α’δίκοον
969 1746 1024 1820 δι’
1043 1754 1134 1839 ἓτεριι
1158 1754 1384 1838 προδεδόμεθα
1412 1758 1467 1820 νῦν
1490 1753 1612 1820 οότοοσί

508 1857 774 1943 πλημμελήματα,
796 1854 857 1940 ε’γοό
884 1862 945 1941 μὲν
975 1857 1033 1921 ου’κ
1051 1850 1090 1921 όν
1113 1856 1287 1941 δυναίμην·
1338 1853 1440 1934 ε’ξεστι
1461 1853 1524 1938 γὰρ
1543 1862 1654 1929 soleii)

508 1960 815 2043 α’παθῶςῖἑθέλουσι
846 1963 973 2040 βλέπειν
1003 1955 1042 2022 τό
1064 1954 1120 2023 ἴσα
1148 1954 1236 2041 παροὶ
1267 1955 1321 2021 τόν
1341 1960 1411 2037 βίον
1432 1956 1484 2019 des*
1502 1953 1611 2039 γιγνό-

506 2083 589 2141 μενα
620 2062 680 2139 μὲν
708 2062 926 2144 κεκρυμμένην
952 2061 981 2123 δ’
1009 2056 1125 2141 ἔχοντα
1152 2056 1210 2141 τήν
1238 2060 1295 2139 τῆς
1318 2055 1472 2140 α’ληθείας
1503 2056 1610 2121 αἰτίαν

508 2160 552 2236 ῶς
571 2160 609 2225 τό
633 2159 746 2223 πολλοί.
797 2162 912 2241 λεγίτοο
934 2160 963 2223 δ’
989 2153 1048 2224 σόν
1069 2154 1154 2240 όμοος
1175 2160 1230 2222 καί
1260 2157 1276 2220 o‘
1300 2158 1462 2243 προφήτης
1480 2160 1610 2234 ἐκεῖνος,

502 2262 577 2325 “iso
600 2258 632 2325 τί
652 2258 725 2333 ὁδός
759 2258 1092 2339 dardeis-edomito?
1122 2260 1208 2339 βοῶν
1240 2260 1274 2323 ie
1294 2260 1395 2337 μέσης
1416 2258 1470 2320 καί
1493 2262 1610 2341 φλεγο-

506 2366 603 2446 μένης
626 2364 760 2442 ψυγής·
813 2362 927 2443 λεγέτω
950 2361 978 2425 δ’
1002 2355 1073 2442 ὲξής
1096 2360 1152 2423 καί
1182 2357 1201 2440 ἦ
1223 2355 1344 2441 μεγάλη
1365 2358 1421 2440 τής
1442 2357 1609 2435 ου’σεβείας
1620 2367 1652 2420 15

397 2492 403 2501 ·
508 2462 625 2546 ἐκείνης
646 2459 788 2543 σάλπιγξ,
808 2456 860 2524 ἵνα
883 2460 927 2543 μή
951 2470 1018 2537 τοῖς
1042 2461 1177 2525 ἐκδικεῖν
1197 2460 1346 2522 ἐθέλουσι
1371 2456 1411 2520 τό
1430 2455 1476 2539 μή
1500 2456 1610 2521 δίκαια

507 2562 669 2647 πρόφασις
694 2558 732 2624 τό
763 2564 895 2625 τοιαῦτα
917 2564 1027 2637 κακίας
1058 2553 1090 2648 ᾗ.
1129 2557 1401 2641 “siopomenon''
1431 2555 1492 2639 γάρ
1527 2580 1609 2640 φησι

502 2661 579 2725 “και“
599 2661 715 2727 δίιιαιοι
734 2656 884 2737 πολλόκις
906 2663 951 2737 εἰς
979 2671 1093 2745 χεῖρας
1117 2659 1251 2740 σ’σεβῶν,
1275 2657 1336 2739 οιίχ
1359 2657 1398 2722 ἵν’
1427 2661 1540 2721 lassam
1563 2682 1610 2721 τι·

508 2765 672 2845 μηθῶσιν,
705 2762 775 2825 ἀλλ’
804 2763 844 2825 ἵν’
870 2752 958 2826 οὗτοι
983 2763 1223 2841 δοκιμασθῶσι·
1280 2762 1336 2824 καί
1356 2763 1473 2844 φαῦλοι
1493 2760 1554 2838 μὲν
1576 2759 1611 2822 έν

507 2863 636 2951 θανάτῳ
657 2865 785 2949 ἐξαισίῳ
806 2857 885 2926 κατό
908 2861 944 2925 τό
967 2866 1195 2946 γεγραμμένον,
1216 2864 1448 2945 καταγελῶνται
1470 2860 1501 2923 δ’
1522 2855 1652 2941 όμοοςηρ

506 2958 541 3027 τό
565 2962 669 3045 παρόν
690 2964 842 3046 εδσεβεῐς,
866 2960 924 3037 ἕως
946 2961 966 3045 ἤ
986 2959 1163 3048 χρηστότης
1183 2966 1240 3028 τοῦ
1260 2965 1339 3026 θεοῦ
1359 2962 1532 3043 κρύπτεται
1554 2962 1610 3023 καί

506 3058 544 3124 τό
566 3061 688 3145 μεγόλα
710 3074 836 3143 ταμιεῖα
853 3070 916 3127 τῶν
938 3058 1070 3144 ὕστερον
1093 3057 1252 3148 ἑκατέροις
1267 3065 1495 3143 ῶπυκειμλνοον,
1516 3060 1609 3144 ἡνίκα

508 3156 598 3245 λόγος
622 3165 677 3225 καί
699 3165 812 3245 πρᾶξις
834 3160 887 3226 καί
903 3158 1061 3249 διανόημα
1079 3171 1146 3238 τοῖς
1166 3165 1301 3240 δικαίοις
1323 3164 1380 3229 τοῦ
1401 3163 1481 3227 θεοό
1502 3164 1609 3227 σταθ-

508 3469 604 3525 leniter
622 3471 789 3540 olfecerunt,
815 3482 842 3529 et
859 3473 912 3529 alis
931 3476 977 3529 via
1002 3478 1134 3531 sinceram
1152 3483 1267 3530 mentem
1286 3474 1377 3529 matris
1395 3490 1471 3527 meas
1488 3472 1608 3542 dccepe.

509 3551 571 3597 runt
593 3558 660 3613 quae
685 3546 813 3613 scopulos
838 3550 865 3601 in
894 3550 958 3600 mari
977 3546 1093 3601 latentes
1117 3550 1272 3618 neutiquam
1292 3554 1416 3600 noverat.
1440 3545 1518 3599 dolos
1537 3548 1609 3597 enim

511 3622 538 3666 et
563 3616 740 3683 proditionem
767 3619 792 3669 ei
821 3627 902 3671 noctu
926 3620 1026 3689 diuque
1045 3620 1131 3672 moliti
1157 3630 1252 3673 contra
1274 3620 1409 3671 amicitiae
1436 3614 1539 3670 vultum
1557 3632 1608 3669 co.

509 3702 564 3739 ram
590 3687 748 3740 exhibentes
779 3692 965 3759 necopinatam
999 3706 1056 3743 eam
1086 3700 1286 3760 persecutorum
1312 3690 1406 3741 turbae
1433 3688 1607 3741 tradiderunt.

510 3773 593 3827 quaro
611 3759 688 3815 nobis
708 3769 800 3828 utpote
814 3764 860 3831 qui
877 3762 1008 3816 beneficia
1026 3764 1053 3813 in
1068 3777 1115 3815 eos
1134 3762 1338 3815 contulissemus
1358 3760 1528 3812 insidiatores
1548 3766 1608 3811 tor-

509 3830 611 3895 pissimi
631 3831 773 3883 visisunt.
819 3834 867 3886 sed
895 3835 1018 3902 equidem
1044 3834 1091 3888 has
1116 3835 1303 3902 providentias
1330 3848 1399 3900 quae
1417 3829 1609 3898 comprehendi

507 3914 563 3951 non
582 3908 672 3968 potest
692 3904 810 3955 rationes
829 3906 995 3974 investigare
1014 3921 1127 3960 curuos
1147 3908 1193 3974 qni
1212 3906 1281 3957 iusta
1299 3918 1472 3972 sequeremur
1490 3909 1543 3953 tarn
1563 3902 1608 3952 in-

506 3972 576 4022 iuste
595 3973 628 4025 ab
647 3973 773 4039 improbis
805 3978 894 4029 traditi
918 3980 1015 4042 simus,
1034 3992 1149 4046 nequeo.
1193 3984 1281 4029 tamen
1306 3976 1351 4044 qni
1377 3974 1546 4027 considerate
1564 3988 1608 4024 res

446 4092 447 4095 ,
506 4042 641 4110 inspicere
666 4045 776 4109 volunt,
803 4063 833 4099 cs
862 4063 930 4117 quae
956 4064 1006 4115 per
1026 4062 1129 4100 ornnem
1148 4050 1230 4102 vitam
1254 4049 1324 4099 iusta
1348 4046 1473 4098 videntur
1492 4044 1608 4096 veritate

504 4114 554 4165 niti
587 4129 655 4182 quae
682 4125 711 4168 ut
738 4114 792 4167 elia
819 4118 901 4172 multa
922 4118 1080 4189 plerumque
1098 4135 1146 4172 nos
1172 4120 1271 4184 lateat,
1296 4119 1444 4170 invenient.
1482 4114 1608 4181 loquutur
1637 4174 1640 4181 Ι

505 4186 588 4253 igitur
607 4187 753 4255 propheta:
773 4196 837 4241 “cur
856 4192 995 4257 impiorum
1010 4192 1071 4243 vias
1089 4191 1186 4259 planae
1204 4190 1304 4244 sunt'l”
1325 4190 1441 4242 clamans
1461 4202 1494 4238 ex
1513 4187 1607 4237 intimo

506 4265 533 4308 et
556 4256 637 4324 pleno
667 4268 785 4325 pectore.
822 4260 902 4313 tollat
933 4276 1040 4330 quoque
1070 4279 1164 4314 vocem
1189 4278 1297 4331 gravem
1324 4276 1397 4313 suam
1422 4261 1508 4326 pietas
1527 4264 1557 4308 nt
1574 4258 1607 4308 iis

505 4328 550 4396 qui
569 4331 664 4396 punire
683 4329 770 4382 velint
797 4332 895 4384 iniusta
921 4333 987 4385 haec
1013 4350 1049 4386 ne
1076 4336 1130 4385 sint
1153 4349 1233 4386 cansa
1259 4332 1407 4401 pravitatis.
1445 4330 1607 4381 “induatur

505 4400 593 4451 enirn’'
613 4401 686 4467 dicit,
707 4404 807 4453 “etiam
820 4406 857 4471 pii
869 4419 950 4472 saepe
963 4405 1083 4457 manibus
1097 4406 1236 4472 impiorum
1249 4420 1303 4456 uon
1317 4417 1369 4471 quo
1387 4402 1413 4453 hi
1432 4401 1607 4453 aestimentur

504 4471 550 4524 sed
570 4486 623 4538 quo
638 4473 679 4525 illi
698 4473 853 4542 probentur.
891 4478 964 4543 impii
984 4478 1053 4527 enim
1073 4484 1102 4526 ut
1118 4478 1308 4543 scriptumest,
1328 4480 1516 4542 postmortem
1535 4485 1606 4537 poe.

502 4557 552 4594 nas
573 4544 690 4597 solvent.
728 4547 767 4614 pii
786 4556 874 4599 autem
893 4549 921 4599 in
941 4548 996 4599 vita
1021 4546 1167 4598 illudentur
1185 4548 1272 4615 quoad
1298 4547 1341 4599 dei
1360 4545 1462 4596 iustitis
1481 4543 1605 4610 patiatur.

504 4614 624 4683 utrisque
643 4625 706 4684 post
724 4620 803 4669 vitam
822 4618 927 4686 amplae
945 4627 975 4671 ut
993 4618 1084 4669 dicunt
1102 4616 1190 4670 cellae
1212 4620 1241 4669 iu
1261 4617 1355 4687 quibus
1376 4614 1496 4667 facinora
1514 4620 1606 4666 nostra
1685 4672 1690 4677 ,

503 4690 641 4749 recondita
659 4697 721 4745 suot
744 4693 914 4763 aperientur,
940 4699 967 4745 et
991 4689 1089 4756 verba,
1109 4689 1247 4757 iocinore,
1267 4688 1381 4745 consilia
1408 4684 1558 4763 sequslitet
1576 4687 1604 4739 in
