4000 5392
489 544 565 665 tro
791 597 1016 667 mcaenonr
1048 594 1277 665 eneeouse

489 759 544 842 τῆς
563 759 733 845 ἐκκλησίας
752 762 888 837 ἐννοίαις
911 753 1081 844 ἑπόμενος,
1107 761 1202 827 ταῦθ’
1226 756 1334 847 ιόσπερ
1364 760 1400 825 ’ἐν
1420 754 1587 846 μεταμέλῳ

488 860 655 944 γενόμενος
676 860 803 948 γνάμης
824 862 984 948 διορόττει
1005 863 1060 927 καὶ
1084 860 1214 949 άναερεῖ
1223 910 1233 941 ,
1255 864 1323 937 πῶς
1342 857 1380 925 οὗ
1401 860 1597 945 παραβάτην

490 952 604 1026 ἑαυτόν
628 962 770 1055 δείκνασι
790 960 873 1027 κατά
901 960 956 1028 τόν
978 966 1068 1029 θεῖον
1094 962 1194 1050 φάναι
1224 960 1419 1041 άπόστολον,
1444 960 1506 1027 καὶ
1522 960 1590 1044 άμα
1706 954 1708 957 ’

490 1055 596 1149 ἑαυτῷ
617 1061 800 1146 μαχόμενον
810 1064 866 1129 καί
877 1062 1022 1149 θεότητις
1047 1063 1205 1129 δέδεικται
1223 1060 1286 1150 γάρ
1310 1060 1404 1139 αάτός
1423 1063 1458 1126 ἐν
1477 1084 1590 1148 προοι-

489 1164 576 1247 μίοις
606 1163 767 1231 διδάσκων
797 1162 882 1249 ἡμᾶς
913 1168 984 1252 φῶς
1017 1164 1052 1229 ἓν
1083 1165 1257 1253 ἀπρόσιτον
1290 1158 1373 1230 εἶναι
1403 1162 1461 1248 τὴν
1490 1162 1615 1248 μόνην5

493 1266 614 1351 ἐκείνην
647 1261 793 1332 άκτιστον
813 1269 871 1350 τῆς
890 1268 1056 1353 μακαρίας
1082 1267 1212 1353 τριάδος
1234 1265 1346 1333 οὐσίαν
1372 1289 1407 1331 τε
1438 1265 1495 1330 καὶ
1515 1264 1590 1330 θεό-

489 1390 578 1451 τητα.
622 1365 793 1453 άπρόσιτον
815 1371 843 1432 δ’
870 1365 968 1432 εἶπάν
986 1367 1044 1431 καί
1057 1364 1193 1453 άόρατον
1207 1367 1384 1451 δεδήλωκεν
1407 1359 1490 1431 εἶναι
1510 1362 1592 1449 μετά

492 1468 611 1531 πολλοῦ
633 1468 689 1531 τοῦ
709 1469 902 1554 κρείττονος·
943 1464 985 1532 τά
1000 1468 1036 1531 δὲ
1056 1474 1125 1551 μετ’
1140 1465 1216 1533 αὐτὸ
1237 1465 1338 1533 πάντα
1355 1468 1447 1553 φῶτα
1472 1465 1592 1531 κτιστά.

425 1560 556 1652 ’,τίεν
578 1568 606 1631 δ’
631 1563 670 1631 ἂν
688 1564 769 1633 ἄλλα
787 1591 822 1633 τε
842 1567 967 1655 μυρία,
995 1568 1052 1635 καί
1079 1566 1141 1634 ὅσα
1169 1572 1291 1652 μᾶλλον
1312 1566 1409 1643 αὐτὸς
1428 1565 1484 1651 τὴν
1504 1564 1591 1650 δμά-

492 1692 593 1754 νυμον
615 1668 725 1755 φανὴν
744 1671 801 1733 τοῦ
835 1667 942 1755 φωτός
973 1667 1056 1735 κατὰ
1083 1668 1140 1755 την
1168 1671 1214 1746 εἰς
1244 1670 1343 1735 πλείω
1372 1669 1591 1753 σημαινόμενα
1602 1690 1634 1746 ςρ

494 1772 706 1857 ποιησάμενος
726 1769 854 1836 ἔκτασιν
883 1772 917 1836 όν
947 1774 994 1860 τῷ
1016 1771 1092 1858 περὶ
1110 1766 1332 1855 βαπτίσματος
1354 1769 1479 1849 ertone
1500 1770 1593 1856 λόγῳ.

366 1872 532 1949 pontem}
552 1874 660 1938 τοίνυν
678 1865 786 1960 ἑαατηῖ
805 1873 989 1956 μαχόμενος
1011 1873 1067 1938 καὶ
1089 1872 1216 1959 θεότητι
1237 1878 1373 1960 porrois·
1403 1868 1475 1953 άνό
1492 1870 1593 1957 μέγας

495 1965 585 2049 οὗτος
617 1973 829 2052 διδάσκαλοςς
865 1968 978 2059 άπαγε.
1007 1973 1201 2057 μαινομένης
1235 1972 1329 2038 ταυτί
1358 1972 1501 2047 διανοίας
1528 1969 1594 2039 ,καί

493 2073 632 2161 γλιόπης
655 2071 720 2137 εἶσὶ
739 2072 974 2159 παρευρήματα
1007 2072 1088 2138 κατά
1119 2074 1176 2140 τοῦ
1198 2070 1311 2157 simon,
1335 2068 1431 2157 ἤθεσι
1450 2093 1592 2159 χρηστα·
1626 2158 1629 2163 ¹

493 2175 599 2261 τὲροις
621 2174 760 2258 δολερῶς
780 2173 1003 2257 κρυπτόμενα·
1052 2172 1235 2259 πολλὰγὰρ
1257 2175 1374 2249 ἐκεῖνος
1402 2172 1634 2257 άπαριθμη-ςς

414 2286 422 2295 ’
496 2278 632 2359 οάμενος
653 2271 805 2358 λέγεσθαι
827 2276 936 2360 φῶτα,
965 2275 1001 2339 ἓν
1025 2276 1088 2340 τῶν
1111 2276 1236 2339 πολλῶν
1260 2267 1343 2339 εἶναι
1363 2273 1446 2359 λέγει
1466 2271 1593 2337 κάκεῖνο

494 2376 530 2443 τό
555 2379 633 2464 φῶς,
653 2376 687 2439 ἐν
712 2364 739 2463 ᾧ
758 2372 804 2458 μὴ
826 2377 998 2457 δεδεῖχθαί
1015 2400 1113 2463 φησιν
1133 2374 1214 2440 άλλά
1229 2378 1487 2462 παραδεδεῖχθαι
1506 2395 1592 2457 τηνι-

496 2480 597 2543 καῦτα
619 2475 675 2560 τὴν
699 2474 844 2563 θεότητο,
864 2480 922 2562 τῆς
942 2476 1032 2562 παρά
1053 2475 1239 2563 προθέσεως
1258 2475 1453 2559 κολαζούσης
1473 2472 1507 2539 τό
1535 2466 1593 2537 αό-

497 2581 597 2654 outae
612 2581 675 2643 τῶν
698 2577 822 2654 ἀτόπως
842 2574 884 2642 τά
903 2581 979 2642 θεῖα
998 2580 1200 2661 βωμολοχεῖν
1224 2574 1448 2664 ἰδρμημόνων,
1472 2572 1516 2651 οἷς
1538 2575 1594 2638 καὶ

496 2677 573 2764 ἡμῖν
596 2680 630 2743 ἐν
653 2674 761 2755 ἄλλοις
781 2676 910 2764 εἴρηταί
924 2702 958 2743 τε
979 2679 1035 2744 καὶ
1056 2673 1100 2743 αό
1119 2680 1270 2764 προϊοῦσι
1290 2677 1479 2765 τρανότερον
1503 2676 1634 2761 cipri-20

427 2803 584 2857 ηοετοι
604 2777 686 2844 κατά
705 2779 827 2865 χάραν.
870 2780 995 2866 παρίτω
1025 2781 1053 2843 δ’
1079 2776 1167 2863 ὅμως
1196 2782 1230 2845 ἐν
1250 2783 1370 2864 βραχεῖ
1398 2776 1415 2843 o‘
1439 2781 1597 2865 vaoop÷
1674 2818 1676 2821 -

495 2881 606 2968 ρημων
618 2878 695 2966 ημῖν
714 2883 896 2963 συμμαχῶν
918 2879 1083 2966 Ἰωάννης,
1116 2878 1239 2967 εἴρηται
1258 2880 1358 2967 λόγων
1378 2872 1529 2956 πολλάκις
1550 2876 1594 2954 οἷς

566 3055 613 3109 22.
648 3024 679 3111 λκ
697 3056 750 3111 rori
767 3057 809 3117 ste
826 3049 858 3111 ιδ
875 3055 1053 3129 Εδαγγλλιοκ
1071 3060 1121 3113 καλ
1139 3062 1216 3123 τίνος
1233 3058 1322 3130 χάριν
1341 3059 1373 3115 δν
1388 3058 1421 3131 τῇ
1440 3056 1509 3131 ayla
1526 3072 1594 3114 πεν-

565 3132 681 3202 τηκοστῇ
700 3120 770 3193 ἦλθε
787 3126 817 3181 τό
838 3134 955 3201 πνεομο
975 3123 1008 3185 τό
1029 3127 1123 3202 ipsae·
1313 3180 1319 3187 .

497 3298 678 3353 communibus
700 3308 728 3354 et
742 3299 794 3370 piis
813 3300 948 3356 eeclesise
960 3303 1113 3371 praeceptis
1127 3302 1239 3369 issisns,
1260 3301 1327 3355 issee
1341 3299 1433 3370 psniio
1452 3306 1513 3369 post
1532 3307 1593 3353 tsn.

497 3386 574 3441 quam
594 3372 757 3439 poenitentis
777 3380 923 3425 commotus
941 3374 1000 3442 ipse
1018 3373 1127 3427 sutiodit
1152 3382 1179 3426 et
1196 3373 1299 3426 auiert:
1323 3387 1413 3425 noane
1432 3379 1593 3440 pmeeepto.

497 3457 555 3496 rum
573 3443 732 3497 violatorem
751 3460 782 3497 se
800 3445 886 3498 residit
904 3444 972 3497 utS.
993 3444 1131 3514 spostolus
1150 3444 1224 3509 dicit,
1243 3458 1349 3512 unaque
1368 3443 1414 3511 qui
1432 3449 1517 3496 semet
1535 3443 1593 3510 lpse

498 3521 526 3566 et
544 3515 669 3567 deitatem
688 3517 835 3584 impugnet.
873 3515 1016 3570 'affirmavit
1042 3517 1111 3569 enim
1136 3517 1195 3584 ipse
1215 3516 1242 3567 iu
1262 3515 1406 3583 prooemiis
1426 3528 1475 3566 nos
1494 3513 1593 3565 doeens

497 3583 585 3638 iueesn
606 3602 683 3638 onam
705 3586 918 3641 inaccessibilem
936 3603 996 3640 esse
1015 3603 1092 3641 unsm
1112 3586 1185 3639 ittam
1204 3588 1348 3639 increatam
1370 3585 1466 3638 beatae
1486 3585 1594 3637 trinita.

498 3655 533 3708 tis
552 3658 693 3709 essentiam
718 3666 745 3710 et
762 3658 907 3723 deitatem
927 3667 953 3711 et
972 3659 1034 3727 qnia
1056 3657 1269 3711 inacessibilem
1288 3658 1355 3710 dixit
1376 3663 1402 3710 et
1416 3654 1593 3720 invisibilem,

498 3726 646 3783 deeiasssit
676 3730 755 3780 etiarn
773 3729 856 3782 multo
875 3730 1113 3798 praestsntiorem3
1139 3744 1208 3798 quae
1226 3743 1292 3782 sero
1316 3726 1378 3780 iuee
1396 3727 1446 3779 irae
1464 3726 1594 3780 iaieriora

498 3795 608 3865 lamina,
628 3814 688 3851 esse
706 3808 805 3853 ereata.
842 3808 904 3853 sant
921 3809 1009 3853 sutem
1027 3801 1094 3853 haee
1117 3801 1170 3852 stis
1188 3801 1327 3852 innumera
1354 3807 1384 3853 et.
1399 3803 1529 3867 quotquot
1546 3796 1595 3850 itte

498 3869 557 3937 ipse
576 3871 669 3923 eodem
688 3874 795 3925 nomiae
812 3873 955 3924 secusdum
974 3871 1043 3924 lueis
1065 3872 1093 3924 ia
1109 3872 1238 3939 rpinribas
1261 3871 1499 3924 manifestationem
1519 3884 1595 3921 eom.

340 4009 345 4013 ἡ
498 3949 626 3994 memorat
644 3942 672 3993 ia
692 3942 761 3995 libro
788 3942 822 3995 de
845 3944 1012 4010 bsptismste.
1058 3943 1119 4012 quid
1139 3940 1241 4011 igitar?
1261 3942 1403 3995 videturne
1421 3955 1532 4009 magnus
1551 3939 1595 3992 trie

446 4039 448 4042 ·
498 4020 658 4081 praereptor
676 4022 761 4065 semet
778 4014 863 4080 ipsum
883 4021 911 4065 et
930 4014 1054 4066 deitstem
1073 4006 1250 4083 impugnare?
1292 4027 1378 4082 apage
1397 4012 1463 4065 haee
1482 4012 1595 4064 amentis

498 4083 636 4136 doetrinae
655 4092 683 4136 et
700 4085 810 4153 linguae
834 4092 944 4152 peecata
969 4086 997 4136 iu
1022 4086 1144 4152 spiritum
1171 4085 1305 4151 divinum,
1333 4082 1428 4137 dolose
1450 4084 1478 4135 iu
1503 4081 1595 4135 serbis

499 4153 653 4222 quibusdam
672 4155 774 4223 puteris
792 4154 939 4207 recondita.
985 4170 1044 4207 uam
1070 4172 1149 4226 quum
1167 4156 1249 4210 muita
1275 4157 1319 4209 hio
1340 4161 1478 4207 enumeret
1495 4153 1596 4205 iunias

399 4276 409 4285 ,
500 4232 528 4276 et
545 4224 638 4277 trorum
657 4242 738 4280 annm
758 4226 828 4278 dieat
845 4225 912 4278 iilud
931 4240 991 4294 quo*
1004 4226 1127 4281 deitatem
1151 4228 1230 4280 nobis
1251 4242 1305 4279 non
1325 4228 1408 4295 ipsam
1430 4224 1596 4279 manifestari

499 4295 546 4348 sesi
565 4303 664 4349 tautum
686 4296 916 4349 submaniiestarir
944 4299 1003 4364 ipss
1027 4298 1094 4351 haee
1121 4298 1205 4352 ‘'sub''
1236 4299 1399 4366 praepositio
1418 4297 1597 4350 temeritatem

500 4375 608 4421 coercet
627 4367 722 4421 eorom'
743 4369 788 4437 qui
818 4376 870 4420 tsm
889 4366 971 4420 stuite
996 4368 1200 4423 divins'lndere
1223 4371 1339 4423 student.
1384 4377 1414 4421 ot
1441 4367 1549 4421 anobis
1568 4370 1597 4421 in

499 4437 559 4489 aliis
578 4438 668 4492 multis
687 4438 784 4491 dietum
803 4448 845 4491 est
863 4447 890 4492 et
908 4454 986 4508 quum
998 4443 1135 4508 progressi
1157 4443 1253 4495 orimus
1273 4434 1333 4495 io'eo
1353 4455 1402 4492 suo
1421 4439 1527 4508 planius
1545 4456 1598 4493 ex..

500 4516 624 4579 ponetur.
661 4510 782 4563 breviter
809 4526 880 4563 nune
904 4510 974 4564 dicat
993 4510 1199 4580 chrysostomus
1216 4520 1308 4567 noster
1335 4512 1465 4567 ioannes:
1486 4524 1597 4583 ‘·saepe,
