4000 5392
898 575 1141 654 ΜΕΙΔΉΟ.
1504 592 1565 664 wi

366 747 369 754 ’
435 689 442 694 w
552 732 729 818 Atreum
764 741 917 822 eedem
947 744 1182 830 Parisierrsen
1220 753 1333 849 priori
1364 754 1563 856 supplendo

445 899 693 993 emporium
721 923 743 972 a
771 898 1200 1004 Fridsricoltosrgaardo
1221 935 1302 990 ease
1327 937 1376 992 ex
1393 914 1564 996 vamme

447 1056 693 1176 exseriptura,
714 1023 924 1158 miaeumque
948 1063 1105 1143 Parisios
1130 1069 1194 1144 teli
1218 1076 1469 1172 propemptiea.

914 1323 973 1400 Ad
1000 1325 1127 1406 librum
1210 1387 1214 1399 .

520 1563 523 1568 .
633 1499 747 1584 duplex
774 1499 1016 1568 dedeoastiohon
1038 1502 1188 1572 drideriei
1207 1505 1391 1596 Rostpaard.
1510 1599 1515 1612 ,

447 1857 553 1926 Parve
572 1858 666 1943 liber,
688 1877 824 1944 propera
846 1862 999 1927 dominam
1021 1866 1198 1950 pertingere
1218 1865 1258 1931 ad
1277 1868 1396 1952 urbem,

540 1961 640 2036 Quam
662 1981 718 2042 rer
738 1963 879 2046 Europae
904 1972 1005 2029 terror
1026 1984 1174 2050 amorque
1195 1957 1290 2034 rodet

451 2065 532 2130 lude
554 2065 751 2132 verecundus
773 2071 803 2128 te
826 2082 933 2129 sacras
958 2065 1068 2131 confer
1087 2069 1119 2131 in
1143 2068 1240 2134 aedes

540 2165 625 2239 Quas
645 2165 708 2231 late
726 2164 858 2250 Augusti
876 2165 1067 2233 bibliotheca
1087 2167 1196 2251 replet.

418 2268 514 2332 ⁵Par
534 2268 591 2330 tibi
612 2269 758 2333 continuo
778 2273 903 2347 praesto
931 2275 979 2331 est
998 2269 1121 2353 insigne
1144 2273 1291 2355 virorum,

537 2368 593 2432 ille
616 2386 702 2432 meus
725 2367 867 2432 Clemens
888 2367 1094 2451 Boiuinusque
1117 2389 1213 2437 meus.

448 2469 612 2533 Alteruter
631 2476 661 2532 te
683 2465 835 2546 deducet3
854 2469 904 2531 vel
925 2468 1032 2534 forsan
1052 2478 1198 2554 uterque:

537 2569 640 2635 Gumis
662 2571 744 2634 enirn
767 2576 831 2634 tota
855 2576 902 2634 est
921 2573 1005 2637 natio
1028 2571 1268 2657 Franaigeuum:

447 2672 489 2737 Et
511 2679 543 2735 te
565 2671 696 2736 'dederis
717 2673 816 2736 sistet
859 2679 891 2735 tu
913 2681 1053 2754 tempora
1075 2673 1161 2738 fandi

399 2779 438 2832 ιο
531 2773 677 2856 Expecta,
699 2781 730 2836 et
749 2774 840 2836 venia
863 2770 983 2837 dissere
1003 2791 1103 2856 pauca
1124 2775 1205 2840 data.

445 2877 509 2940 Die
530 2896 548 2941 a
570 2894 630 2958 quo
652 2879 763 2942 missus
784 2879 904 2957 venias,
928 2885 959 2941 et
980 2893 1071 2960 quam
1092 2895 1212 2942 memor
1232 2895 1328 2960 usque

460 3055 464 3058 ,
533 2978 656 3042 Mittens
679 2978 805 3042 'fellerii
827 2979 951 3042 uomina
974 2984 1082 3042 saneta
1102 2979 1194 3042 eolat.

445 3078 565 3160 Nempe
587 3080 712 3143 iubente
733 3077 785 3144 illo
807 3080 910 3142 cuncti
929 3085 1059 3160 patuere
1080 3096 1225 3144 recessus

533 3180 611 3243 Dum
632 3186 685 3246 tua
706 3199 766 3260 me,
790 3179 877 3244 dives
893 3181 1046 3261 Sequana,
1065 3183 1132 3262 ripa
1151 3187 1262 3262 teuet‘

395 3279 616 3365 ¹5Utiliusque
638 3282 740 3347 datum
762 3281 811 3347 est
832 3284 951 3368 regalia
973 3290 1055 3346 tecta
1074 3284 1180 3347 subire

428 3485 503 3547 'Die
522 3502 580 3566 pro
602 3487 795 3567 temeritas,
821 3504 880 3567 qua
898 3484 962 3549 late
984 3484 1159 3549 extenditur
1180 3484 1278 3567 orbis,
1311 3543 1317 3548 .

530 3584 653 3650 Tellerii
675 3585 784 3650 leudes
805 3605 855 3648 me
877 3593 1046 3668 praeeunte
1068 3587 1157 3666 caui,

443 3687 591 3768 Quaeque
614 3706 703 3752 meae
728 3679 859 3770 renuunt
877 3693 987 3751 tenues
1009 3688 1189 3770 persolvere
1212 3685 1306 3766 vires,

391 3785 431 3841 ²⁰
528 3789 587 3853 Pro
609 3783 659 3852 m'e
679 3789 835 3854 Musarum
857 3786 990 3853 reddere
1011 3787 1092 3851 velle
1114 3787 1252 3853 cherum.

438 3889 541 3954 Unum
563 3890 625 3955 hoe
647 3889 737 3971 adde,
758 3891 848 3970 liber,
862 3881 934 3954 'non
953 3897 984 3953 te
1004 3907 1061 3972 pro
1085 3907 1212 3953 munere
1229 3887 1320 3970 mitti,

524 3989 588 4058 Sed
610 3990 663 4056 ddi
684 3996 795 4076 pignus
818 3989 921 4056 cordis
942 3997 973 4054 et
993 3992 1144 4072 obsequii.

432 4091 476 4158 Et
500 4091 623 4158 dabitur
644 4093 762 4174 forsan,
786 4095 814 4157 si
837 4093 974 4157 crederis
994 4093 1077 4155 utilis
1097 4090 1162 4172 ulli,

522 4195 655 4279 Augusti
677 4196 709 4258 iu
732 4191 839 4258 forulis
860 4201 894 4257 ut
913 4194 1033 4275 potiare
1053 4191 1137 4257 leco.

491 4311 494 4318 Α
566 4347 721 4432 Scriptum
743 4344 859 4410 Romae
879 4362 908 4409 a.
933 4341 963 4407 d.
986 4343 1074 4408 xxlr
1094 4341 1168 4406 dieii
1189 4306 1378 4404 MDGXGIX.

850 4480 1109 4500 Μη-
