4000 5392
470 621 545 694 350
772 622 994 694 uicuanom
1028 619 1256 690 GREGORAE

414 791 602 874 ΙΙειμένιιν
633 787 726 871 φασί.
777 788 881 850 θέλων
910 783 969 869 γολρ
1001 777 1115 848 ἑαυτὸν
1144 779 1373 847 ἀπολύσασθαι
1403 783 1461 865 τῆς
1483 779 1568 869 αὐτῷ

468 887 547 972 πρὸς
566 889 623 953 τοῦ
647 889 677 951 Γ
674 887 794 974 ρηγορᾶ
816 888 1084 973 προινηνηγμένης
1108 886 1307 969 κατηγορίας,
1327 877 1370 960 ὥς
1390 879 1423 947 ἐκ
1445 885 1568 946 πολλῶν

469 988 524 1054 καί
546 985 710 1073 διαφόρων
730 986 889 1070 δεοτητοον
925 984 979 1050 εἴτ’
1015 978 1071 1064 οὖν
1102 986 1276 1068 ποιοτήτων
1306 988 1492 1066 συγκεῖσθαι
1517 983 1570 1046 λε’-

469 1113 551 1173 γοντι
575 1089 628 1156 τόν
649 1088 735 1171 θεόν,
756 1092 810 1153 κατ’
833 1081 982 1170 ἄντικρυς
1004 1090 1221 1169 περιπίπτοντι
1242 1092 1308 1161 τοῖς
1334 1088 1376 1172 τρῖ
1396 1085 1473 1171 θείιρ
1498 1087 1570 1149 Δα-

468 1195 620 1281 μασκηνρλ
642 1195 833 1274 λεγομένοις,
857 1181 907 1254 ὅτι
933 1186 967 1252 τὸ
996 1191 1086 1253 θεῖον
1116 1186 1234 1251 ἀπλοῦν
1266 1183 1331 1250 ε’στι
1354 1184 1409 1249 καί
1426 1181 1606 1266 decimis-5-

471 1314 532 1377 τον,
553 1290 587 1356 τὸ
623 1295 658 1355 dd
689 1292 723 1355 ἐκ
754 1291 878 1353 πολλῶν
909 1292 965 1353 καί
992 1284 1154 1374 διαφόρων
1182 1287 1385 1371 συγκείμενον
1406 1281 1570 1372 ,σύνθετόν

340 1390 537 1462 uidendum
557 1390 613 1456 καί
631 1392 673 1457 τὰ
694 1386 782 1474 ἑξῆς,
820 1393 859 1455 ssi
890 1386 969 1454 suad
1000 1387 1057 1474 τὴν
1087 1393 1177 1456 θέσιν
1207 1391 1326 1471 έκείνης
1357 1389 1413 1471 τῆς
1435 1386 1570 1472 ῥήσιος,

470 1492 552 1557 ἀλλὰ
577 1493 783 1575 διαφθείρας,
805 1491 849 1565 ἀς
868 1489 973 1571 εἴσιδε,
992 1487 1091 1554 τοιάδ’
1115 1489 1313 1572 ἀπεκρίνατο.
1356 1489 1419 1550 πᾶν
1433 1486 1468 1551 τὸ
1492 1501 1589 1571 σογ··

470 1597 611 1672 κείμενον
632 1590 688 1654 καί
706 1588 873 1665 oduarides:
896 1587 1058 1676 διαφορὰς
1075 1585 1154 1670 ἔχον
1178 1588 1330 1654 σύνθετον
1350 1589 1452 1653 ἐστίν·
1495 1586 1511 1652 o‘
1535 1590 1571 1654 dt

470 1689 546 1766 θεδς
568 1683 640 1757 οὔτε
661 1693 724 1756 τοῖν
744 1693 956 1773 συγκειμένων
975 1692 1062 1754 ἐστίν
1086 1682 1160 1752 οὔτε
1175 1691 1238 1752 τάν
1262 1680 1431 1762 οδσιάδεις
1453 1689 1615 1770 decipe-10

471 1790 532 1874 ράς
555 1792 701 1873 ἐχόντων.
744 1789 902 1876 ονὀιάδης
922 1789 984 1876 γάρ
1010 1793 1074 1855 ε’στι
1097 1787 1238 1874 διαφορὰ
1267 1790 1341 1854 καθ’
1366 1785 1403 1872 ἣν
1425 1792 1574 1873 διαφέρει

472 1893 566 1960 σιλσίοι
591 1893 723 1973 οὐσίας,
751 1889 831 1958 ὥστε
863 1890 943 1957 κατά
976 1888 1129 1957 πλειόνων
1163 1892 1257 1956 είδιδν
1276 1891 1333 1956 καί
1354 1891 1471 1954 οάσιιόν
1493 1888 1587 1954 εἰσίν

472 1992 506 2060 αλ
529 1997 704 2079 διαφοραί·
753 1996 824 2060 ε’πιί
853 1985 910 2056 οὖν
937 1998 998 2074 μία
1019 1992 1074 2058 καί
1095 1991 1218 2075 ἀμερὴς
1247 1989 1448 2056 παντάπασιν
1474 1989 1574 2076 ἢτοῦ

438 2096 552 2160 ndacii
573 2095 682 2175 ον’σίιι,
704 2092 757 2158 διὰ
783 2097 879 2159 τοῦτο
909 2092 1070 2180 διαφορὰς
1099 2093 1156 2158 οάκ
1185 2087 1252 2173 ἔχει
1278 2090 1454 2168 οοόιάδεις.
1479 2094 1575 2172 μίαν

451 2196 455 2204 ’
475 2199 535 2278 μὲν
559 2191 597 2278 δη
619 2200 682 2260 τάν
703 2197 824 2259 ἐκείνου
844 2193 962 2280 ταύτην
984 2194 1165 2278 προτίθημί
1181 2215 1239 2257 ono
1270 2195 1305 2278 τῇ
1328 2191 1473 2276 διηγήσει
1493 2190 1617 2275 nod-15

473 2320 573 2384 φασιν
602 2297 734 2381 έφεξῆς,
764 2297 916 2379 δεοτέραν
945 2298 980 2360 δὲ
1012 2292 1068 2378 την
1096 2292 1292 2360 Ἀθοινοσίοο
1323 2297 1382 2358 τοιῖ
1401 2292 1493 2359 θείου
1516 2292 1575 2381 ῥῆ-

469 2415 539 2490 σιν,
562 2394 601 2480 ἢν
625 2397 852 2482 εὐσεβεστάτην
872 2394 1103 2482 ἀναμφιβόλως
1126 2386 1226 2460 οὖσαν
1254 2395 1300 2471 είς
1319 2398 1491 2471 πολοδεΐας
1513 2401 1574 2459 ου’-
1654 2455 1657 2458 .

472 2497 527 2572 ric
560 2493 714 2563 ἀπόθεσιν
738 2497 956 2580 μετενηνοχεν.
1025 2492 1089 2580 ἔφη
1117 2494 1177 2579 γάρ
1210 2497 1243 2561 δν
1274 2500 1314 2584 τῇ
1334 2494 1414 2578 πρὸς
1444 2490 1576 2580 Ἀρειον

474 2601 612 2676 διαλέξει
644 2596 686 2676 ἀς
713 2600 776 2680 οάχ
809 2599 913 2662 ἕνεκεν
934 2601 1066 2663 κτιστιόν
1097 2599 1292 2680 προγμάτοον
1324 2595 1387 2682 ἔφη
1418 2592 1433 2661 ὅ
1466 2599 1573 2682 σοιτὴρ

468 2695 591 2764 “πα’ντο
621 2695 681 2764 ὅσα
711 2696 778 2780 ἔχει
808 2695 825 2762 δ
856 2698 959 2782 πατὴρ
991 2693 1052 2779 iud
1082 2695 1195 2764 ἐστίν.”
1243 2693 1312 2763 ἀλλ’
1342 2692 1402 2763 ὅσα
1423 2700 1516 2781 ἀνῆκε
1537 2701 1618 2785 τῇοο
1703 2787 1705 2790 ¹

474 2796 600 2884 δεδιητι
623 2802 679 2865 τοῦ
701 2798 833 2881 πατρός,
845 2803 947 2865 τοῦτο
966 2799 1035 2865 ἴδια
1055 2797 1118 2885 ἔφη
1137 2795 1153 2862 ὅ
1169 2800 1286 2883 κύριος,
1302 2792 1369 2868 οἷον
1381 2798 1416 2864 τὸ
1440 2793 1576 2885 ἀφθαρ-

477 2922 541 2978 τον,
561 2896 597 2964 τὰ
620 2889 783 2983 ἄτρεπτον,
805 2898 839 2964 τὸ
865 2898 1105 2985 ἀκατάληπτον,
1130 2900 1166 2965 ιδ
1191 2896 1342 2983 δονατάν,
1373 2900 1407 2968 ιδ
1430 2922 1576 2986 προγνω-

475 2999 593 3065 στικόν.
641 3003 696 3065 καί
725 2995 787 3066 ὅσα
808 3001 895 3066 έστίν
927 2994 1091 3087 ὄπατὴρ,
1113 3004 1214 3068 τοῦτο
1238 2998 1382 3069 illacensi
1402 3001 1476 3066 οἱοῦ
1499 3025 1578 3086 ενγ-

475 3122 578 3182 χοινιι.

479 3385 578 3462 ειεμλιιι
596 3400 626 3440 ιο
647 3385 809 3442 liberaturus
828 3388 964 3458 exprobro
983 3404 1001 3441 a
1018 3389 1138 3460 Gregoru
1155 3388 1262 3443 oblecto
1282 3391 1354 3459 quod
1370 3389 1461 3444 multis
1481 3399 1576 3444 etun.

479 3460 526 3510 riis
545 3457 688 3511 deitatibus
709 3467 735 3512 et
754 3459 926 3528 qualitatibus
948 3464 1079 3521 contineri
1102 3464 1177 3514 deum
1207 3462 1319 3516 dixisset
1344 3470 1370 3514 et
1394 3471 1485 3515 contra
1504 3463 1576 3515 inci.

478 3531 563 3582 disset
578 3531 608 3582 in
626 3546 657 3582 ea
676 3547 745 3600 quae
764 3548 780 3583 a
800 3532 830 3586 l).
849 3533 1015 3585 Damascene
1035 3534 1106 3585 dicta
1125 3541 1216 3586 erantr
1241 3534 1320 3586 deum
1338 3549 1398 3586 ests
1415 3532 1531 3601 simplex
1551 3541 1578 3585 et

479 3603 692 3670 incompositum.
730 3604 800 3671 quod
821 3604 911 3656 multis
933 3612 960 3655 ct
979 3605 1062 3656 variis
1082 3605 1233 3656 continetur
1252 3607 1426 3671 compositum
1448 3613 1503 3668 est;
1529 3619 1578 3656 re.

479 3671 553 3740 liqna
572 3687 626 3724 non
644 3674 676 3725 ad
695 3673 770 3725 illins
789 3669 918 3727 orationis
936 3683 1138 3744 argumentum,
1158 3676 1205 3728 sed
1225 3683 1372 3742 permutata
1390 3677 1427 3727 ita
1445 3683 1474 3726 nt
1495 3674 1577 3740 solet,

481 3743 608 3810 ριοιιιλλιτ
640 3745 767 3812 quidquid
788 3749 941 3798 continetur
959 3755 986 3798 et
1010 3746 1169 3798 essentiales
1188 3747 1333 3799 verielrtss
1354 3746 1443 3810 habet,
1465 3761 1578 3813 compo-

479 3815 558 3867 situm
578 3823 628 3868 eat.
671 3817 737 3868 deus
762 3824 923 3870 autemnon
949 3831 984 3870 ex
1007 3819 1041 3870 iis
1066 3832 1135 3886 qnae
1153 3818 1323 3870 continentur
1348 3826 1394 3871 ant
1418 3816 1577 3870 essentiales

481 3887 625 3938 varietates
643 3885 751 3939 habent.
789 3889 943 3940 essentialis
968 3889 1038 3942 enirn
1058 3890 1174 3941 varietas
1196 3897 1253 3954 est,
1279 3904 1331 3957 qna
1352 3890 1440 3941 didert
1461 3888 1578 3940 essentia
1622 3911 1636 3927 ν

480 3956 514 4009 ali
533 3961 649 4010 essentia
669 3958 706 4010 ita
723 3965 754 4010 ut
771 3958 862 4024 plnres
882 3960 983 4011 iormaa
1002 3967 1029 4010 et
1048 3962 1180 4012 essentiae
1194 3959 1311 4012 elliciant
1323 3961 1478 4014 varietates.
1497 3974 1578 4029 quum

479 4029 563 4097 igitur
582 4043 633 4080 una
652 4037 680 4081 ct
703 4031 837 4096 impartita
856 4032 894 4082 sit
909 4031 954 4084 dei
973 4033 1099 4095 carentia,
1119 4039 1264 4098 propterea
1290 4033 1434 4084 κτήσαιτο
1452 4045 1504 4083 uon
1526 4029 1578 4082 ha.
1686 4057 1688 4063 ,

480 4099 527 4151 bet
545 4098 714 4152 essentiales.
744 4116 822 4152 unam
841 4100 915 4154 illius
942 4105 1049 4154 canaan
1077 4105 1109 4154 ad
1134 4103 1295 4154 narrationis
1317 4111 1379 4155 tuae
1405 4104 1578 4169 etiamnunc,

481 4170 592 4223 alteram
612 4171 643 4222 l).
662 4171 802 4223 Athanasii
820 4172 978 4237 orationem,
999 4189 1078 4240 quam
1096 4174 1156 4225 sine
1168 4173 1248 4226 dubio
1267 4172 1499 4242 religiosissimam
1519 4174 1579 4240 ipse

480 4243 508 4294 in
527 4241 701 4309 polythcismi
717 4251 900 4311 argumentum
920 4244 1078 4296 immutavit.
1121 4245 1188 4297 dixit
1212 4245 1280 4296 enirn
1309 4247 1336 4296 iu
1356 4245 1465 4312 dialogo
1485 4253 1579 4297 contra

479 4315 590 4366 Arium:
609 4328 663 4364 non
684 4329 772 4366 rerum
792 4322 939 4367 creatarum
961 4329 1041 4366 cansa
1059 4315 1127 4367 diait
1144 4315 1284 4368 salvator:
1310 4318 1398 4369 omnia
1417 4333 1485 4385 quae
1503 4323 1580 4382 pater

481 4383 573 4449 habet,
591 4399 650 4436 ruea
668 4393 739 4448 sunt,
759 4387 806 4436 sed
825 4398 893 4452 quae
914 4386 1006 4438 deitati
1026 4387 1109 4453 patria
1128 4387 1257 4450 attribuit,
1279 4388 1429 4454 ειρτοριλι
1442 4388 1508 4440 dixit
1526 4388 1580 4439 do·

480 4457 577 4520 minus,
597 4455 674 4508 velut
692 4455 910 4523 incorruptibile,
927 4457 1101 4522 immutabile,
1122 4457 1262 4524 inlinitum,
1283 4461 1463 4527 omnipotens,
1483 4459 1579 4527 provi.
1641 4511 1645 4518 ,

478 4523 555 4593 dens,
569 4542 747 4596 quaecunque
764 4534 932 4594 rumpatur,
953 4527 1044 4582 eadem
1065 4529 1173 4598 ριορτλο
1190 4529 1241 4582 dlii
1257 4538 1329 4584 aaut.
