4000 5392
486 577 560 651 302
768 602 770 605 ·
796 581 1019 654 Nrcueuoar
1051 579 1281 651 GREGORAE

485 743 634 812 ἐναντίων
665 743 787 829 λόγον.”
841 739 921 811 ὥστε
959 746 1131 832 univiriam
1163 739 1394 825 ἀγωνιζόμενος
1433 743 1586 806 σννιστιῖν

485 841 587 921 ἑάλως
607 845 663 911 καί
684 846 798 911 dirius
819 851 939 928 νοσῶν,
959 844 1013 911 rri-
1032 849 1065 912 εἰι
1087 848 1259 926 διαμέτρου
1282 841 1384 908 κακά·
1428 842 1484 906 snt*
1503 843 1588 905 πέπ-

487 970 567 1012 τωκε
590 946 642 1012 διὸ
664 951 813 1031 βραχέων
834 947 873 1012 τὰ
895 951 957 1013 ταῖν
978 951 1043 1012 σῶν
1064 942 1267 1031 ἀκροπόλεων
1289 940 1507 1028 ὀχυρώματα,
1532 945 1586 1027 ἐφ’

488 1038 535 1122 οἷς
557 1048 746 1123 susurrasse.
790 1045 836 1114 ἔτι
857 1047 922 1132 μὴν
942 1044 1051 1130 έπειδὴ
1074 1070 1132 1131 περ
1157 1037 1233 1110 ἄλλα
1254 1046 1317 1133 φῂς
1338 1037 1421 1109 εἶναι
1443 1042 1477 1108 τέ
1500 1040 1586 1127 ἔχον,

488 1141 789 1215 trististristis
823 1147 878 1213 κατ’
898 1143 1076 1232 διέφερον,
1096 1147 1194 1233 φαίης
1227 1139 1266 1210 ἂν
1297 1143 1352 1210 ser*
1374 1137 1450 1208 ἄλλο
1470 1148 1532 1226 μέν
1554 1147 1614 1225 έξ5

489 1246 626 1331 α’νόγιιγς
646 1241 727 1313 εἶναι
747 1246 803 1314 τέν
823 1249 917 1330 θεόν,
941 1242 1074 1316 ἄλλοδέ
1094 1245 1150 1331 τὴν
1180 1239 1315 1330 ὕπαρξιν
1334 1245 1467 1309 orituris
1497 1249 1589 1328 λέγε-

356 1362 539 1422 ilitmur
560 1347 622 1431 γὰρ
651 1347 767 1425 ὄθεός
795 1351 851 1415 κατ’
872 1350 984 1416 ον’σέιιν
1016 1346 1102 1431 ἔχειν
1128 1344 1184 1411 καί
1203 1341 1351 1428 ὕπαρξιν.
1405 1340 1495 1414 ἔσται
1520 1339 1587 1428 ὅρα

421 1468 475 1521 40
488 1446 566 1514 κατὰ
588 1454 625 1514 σέ
646 1448 719 1525 θεὸς
741 1446 941 1532 ἀνύπαρκτος
959 1453 1015 1514 aar*
1035 1443 1170 1531 ὕπαρξις
1192 1451 1271 1512 θεοῦ
1291 1439 1394 1521 ἄθεος.
1437 1445 1493 1510 κατ’
1512 1449 1590 1530 περὶ

487 1554 544 1632 τῆς
563 1548 719 1632 ένεργειάς
741 1551 771 1614 δ’
792 1547 907 1628 ὁμοίως
929 1553 1055 1615 λεκτέον
1070 1546 1124 1612 κατ’
1144 1548 1328 1632 ε’ρωτηεέον,
1349 1547 1380 1610 εἰ
1401 1544 1419 1630 ἦ
1443 1542 1587 1628 ἐνέργεια

487 1647 555 1732 ἔχει
575 1651 735 1733 ἐνέργειαν
765 1642 874 1734 ἄλλην.
926 1651 958 1716 εἰ
975 1647 1036 1732 γάρ
1062 1645 1140 1730 ἔχει,
1165 1645 1222 1713 δύο
1245 1641 1328 1732 ἄρα·
1386 1650 1441 1712 καί
1463 1643 1497 1712 εἴ
1514 1646 1634 1727 sisinii)

487 1751 628 1835 διάφορα
649 1749 793 1826 πάντας·
824 1743 985 1833 ἄλλογὰρ
1009 1751 1074 1814 δεῖν
1098 1745 1177 1814 εέναι
1198 1745 1278 1834 ἔφης
1299 1751 1355 1812 τοῦ
1374 1749 1526 1829 ε’χνμένσν
1549 1747 1585 1812 τέ

488 1845 572 1931 ἔχον.
596 1849 650 1914 κατ’
666 1851 790 1934 γίνεταί
804 1875 850 1928 τις
866 1851 1104 1936 τερατόμσρφσς
1126 1843 1389 1934 ε’νεργαενέργεια.
1433 1848 1464 1912 εἰ
1481 1849 1518 1912 δέ
1539 1845 1584 1934 μὴ

487 1951 589 2030 τοῦτο,
614 1950 672 2013 oa’rr
695 1946 734 2014 έν
756 1950 804 2036 εἴη
826 1951 882 2035 τὴν
904 1953 1065 2034 ένέργειαν
1088 1947 1176 2032 ἔχειν
1197 1947 1369 2032 ἐνέργειαν.
1425 1949 1479 2013 καὶ
1501 1973 1588 2031 σνμ-

487 2047 618 2133 βήσεται
650 2053 706 2133 τὴν
732 2049 882 2135 τοιαύτην
912 2052 1071 2133 ἐνέργειαν
1102 2051 1309 2132 α’νενέργητον
1341 2041 1431 2114 εἶναι.
1490 2047 1524 2114 τὸ
1559 2052 1588 2113 δ’

489 2151 692 2235 α’νενέργιγτσν
719 2153 774 2216 ιισί
798 2148 998 2236 α’νὺπαριιτιν
1021 2156 1094 2216 καθ’
1125 2146 1162 2236 ἢν
1189 2145 1421 2242 βαμρλοχῆσσς
1440 2139 1632 2234 aperitin-lo

489 2275 546 2326 ιιας
567 2254 657 2315 θέσιν
687 2275 719 2316 τε
749 2255 805 2330 καί
827 2253 983 2335 πρότασιν
1010 2246 1114 2328 αὗτός.
1167 2250 1201 2317 τό
1233 2249 1295 2334 γὰρ
1321 2248 1367 2335 μὴ
1390 2249 1478 2338 ἔχον,
1497 2249 1585 2338 ἔφης,

490 2353 649 2434 ἐνέργειαν
673 2344 738 2416 οὔτ’
761 2349 849 2417 ἔστιν
868 2344 941 2418 οὔτε
962 2354 994 2418 τέ
1017 2350 1113 2420 ἔστιν.
1165 2343 1231 2436 αὕτ’
1255 2350 1321 2418 ἔστι
1340 2354 1498 2427 παντελῶς
1522 2351 1587 2416 eri-

491 2453 549 2514 rao'
570 2453 670 2533 θέσις,
693 2451 749 2518 καὶ
770 2452 916 2534 ἀπόλωλέ
934 2476 986 2517 aar
1008 2452 1042 2518 τὸ
1056 2451 1249 2534 σπούδασμα
1271 2454 1312 2517 δι’
1333 2451 1439 2536 ὀλίγον
1456 2450 1512 2516 καὶ
1531 2455 1588 2537 τῆς

489 2555 660 2635 μοχθηρᾶς
680 2563 835 2638 γεωργιας
856 2552 872 2617 ὅ
893 2553 1022 2638 στιὶχνς,
1045 2545 1064 2636 ἢ
1087 2551 1119 2629 ές
1139 2554 1337 2639 α’νέπιιρνταν
1360 2549 1443 2637 ἡμᾶς
1465 2553 1588 2636 δογμα-

426 2654 602 2730 soraterra
626 2653 785 2719 πιστεύειν
812 2649 833 2736 ἧ
862 2655 906 2729 εἰς
928 2651 1081 2720 σύνθετον
1108 2652 1255 2738 risitque.
1309 2656 1506 2740 &restruitur
1528 2651 1633 2736 γάργο

492 2775 543 2818 σοι
565 2755 621 2818 καί
648 2753 664 2818 e‘
688 2759 775 2832 θεῖος
799 2751 983 2841 Κύριλλος,
1016 2749 1135 2823 ἇτσπσν
1165 2749 1246 2821 εἶναι
1278 2757 1410 2843 φάσκων
1431 2751 1465 2820 τὸ
1487 2756 1589 2835 λέγειν

491 3062 526 3118 iis
546 3069 574 3114 et
594 3061 711 3114 essentia
729 3060 771 3113 dei
794 3061 935 3114 divinitate
955 3062 1092 3116 destituis.
1118 3063 1156 3116 ait
1173 3063 1242 3116 euirn
1259 3062 1338 3115 etiarn
1352 3060 1498 3132 Gregorius
1516 3057 1588 3128 Nys-

492 3149 586 3188 raeus:
612 3132 751 3184 sibonum
771 3141 829 3198 est,
849 3148 958 3200 pravum
976 3149 1031 3186 nou
1051 3142 1108 3191 est:
1128 3135 1170 3186 siu
1188 3143 1275 3188 auteur
1291 3149 1402 3202 pravum
1420 3141 1471 3196 est,
1490 3129 1588 3184 bonaur

494 3221 549 3258 uou
569 3213 624 3268 est,
651 3204 794 3256 secuudum
818 3219 875 3255 earn
893 3206 1042 3272 rationem,
1062 3207 1132 3274 quoti
1151 3205 1284 3258 contraria
1308 3204 1431 3272 componi
1449 3218 1504 3256 uou
1522 3217 1589 3270 pos·

493 3285 563 3330 suut.
587 3276 677 3344 itaque
697 3291 755 3328 eum
773 3275 871 3328 multos
890 3277 955 3329 deos
970 3281 1131 3345 componere
1151 3277 1337 3341 contenderes,
1357 3274 1539 3343 deprehensus
1560 3289 1589 3326 es

421 3355 427 3362 “
495 3349 572 3399 etiam
595 3363 628 3399 ex
648 3349 793 3415 negatione
814 3349 892 3399 unius
912 3348 954 3399 dei
983 3357 1144 3417 aegrotans,
1165 3365 1234 3416 quse
1254 3356 1314 3399 suut
1332 3348 1445 3400 maxime
1465 3347 1589 3413 opposita

493 3418 572 3482 mals,
593 3427 620 3470 et
632 3420 806 3470 conciderunt
823 3421 914 3485 parvis
931 3421 1031 3471 areium
1050 3427 1153 3471 tuarum
1166 3419 1278 3471 castella
1297 3426 1324 3470 et
1336 3418 1506 3479 munitiones,
1526 3417 1589 3485 qui.

493 3491 542 3542 bus
563 3490 679 3542 couiisus
702 3506 769 3542 eras.
808 3490 904 3542 deiude
923 3499 1011 3542 autern
1041 3493 1165 3562 quonism
1190 3491 1263 3543 uliud
1283 3491 1349 3542 dicis
1371 3488 1518 3556 essequod
1538 3489 1589 3540 ha.

494 3561 549 3625 bet,
568 3560 641 3612 aliud
660 3562 730 3629 quod
752 3560 865 3613 habetur
885 3571 912 3614 et
939 3564 1083 3624 diuersum,
1103 3562 1215 3614 sortasse
1235 3563 1308 3613 dices
1338 3563 1416 3612 etiarn
1435 3559 1508 3611 aliud
1528 3574 1589 3610 osae

493 3631 646 3685 necessario
666 3632 758 3696 deum,
787 3632 859 3686 uliud
889 3636 946 3686 eius
972 3635 1154 3687 substantium.
1200 3634 1297 3684 dicitur
1323 3633 1392 3684 eninr
1412 3631 1477 3683 deus
1497 3638 1524 3682 et
1543 3645 1590 3681 es.

493 3703 605 3756 seutiam
624 3702 724 3754 habere
746 3710 773 3754 et
792 3703 973 3757 substantiam.
1012 3707 1064 3758 erit
1081 3706 1162 3774 igitur
1182 3713 1277 3755 extus
1296 3703 1428 3755 sententia
1447 3701 1512 3752 dous
1533 3715 1589 3751 uou

492 3773 692 3839 substantialis,
721 3782 748 3825 et
772 3775 918 3828 substantia
944 3777 986 3828 dei
1016 3777 1155 3828 diviuitsto
1179 3774 1324 3838 destituta,
1345 3782 1371 3825 et
1388 3775 1421 3825 da
1442 3772 1589 3824 eiircieutia

493 3845 561 3896 iriem
581 3845 720 3897 dicendum
741 3846 792 3896 erit
811 3855 837 3899 et
853 3847 1042 3915 quaerendum,
1061 3863 1123 3899 uunr
1143 3845 1289 3898 efficientia
1303 3845 1400 3897 hubent
1419 3843 1590 3896 efficientiam

493 3915 590 3980 aliurn,
611 3917 708 3968 etenim
727 3916 750 3968 si
768 3916 863 3982 habet,
882 3926 944 3970 suut
962 3919 1044 3987 igitur
1063 3919 1131 3983 duo,
1154 3933 1186 3968 ac
1206 3918 1228 3967 si
1248 3917 1316 3981 duo,
1338 3919 1446 3970 diversa
1465 3916 1590 3975 omuiu03

419 4038 423 4042 .
459 4003 462 4010 ·
492 3986 566 4038 aliud
586 3988 655 4038 euim
675 3995 801 4055 oportere
821 4005 880 4040 esse
899 3989 1007 4041 dicebas
1027 3997 1109 4056 utque
1127 3990 1153 4040 id
1173 3987 1243 4057 quod
1268 3987 1380 4040 habetur
1405 3985 1431 4037 id
1450 3987 1520 4054 quod
1539 3985 1590 4036 irs-

492 4057 548 4121 bet‚
571 4066 598 4109 et
618 4059 703 4111 oritur
716 4059 843 4126 quaedam
862 4061 955 4112 ruirum
975 4061 1002 4111 iu
1022 4061 1126 4112 niodum
1153 4061 1263 4112 formata
1283 4059 1444 4112 eiiicientiae
1466 4056 1591 4108 effician-

493 4129 544 4191 tis;
563 4129 605 4181 sin
624 4138 712 4182 autem
732 4129 783 4180 hoc
802 4146 893 4182 return
913 4145 967 4182 nou
987 4140 1037 4195 est,
1068 4147 1122 4184 uon
1142 4138 1233 4198 potest
1251 4130 1396 4182 efficientia
1419 4127 1591 4180 efficientiam

494 4197 603 4265 habere,
622 4209 649 4252 et
666 4208 793 4270 aequetur
811 4210 841 4253 ut
860 4201 1005 4254 eiiieieutia
1025 4203 1154 4254 eiusmodi
1179 4202 1214 4253 sit
1237 4201 1371 4254 inefficax.
1416 4199 1484 4269 quod
1503 4205 1591 4249 autern

493 4271 620 4323 iueiiieax
641 4279 690 4336 est,
710 4273 789 4323 etiarn
808 4280 850 4325 est
867 4288 921 4324 uou
936 4273 1120 4338 substantiale,
1141 4273 1284 4324 secuudum
1298 4289 1365 4338 earu,
1388 4286 1465 4340 quam
1485 4270 1591 4336 tuipse

492 4350 608 4409 uagatus
627 4339 804 4409 proposuisti,
833 4341 976 4396 theriu‘at
993 4346 1121 4410 protasio.
1170 4344 1340 4396 eiiicieutism
1368 4345 1447 4408 eninr,
1469 4341 1518 4406 ais,
1537 4351 1590 4391 nou

396 4461 400 4466 ,
493 4410 594 4465 habeus
612 4428 701 4482 aeque
720 4421 867 4484 ustaeque
893 4414 1035 4484 quidquam
1066 4424 1121 4469 asts
1141 4417 1220 4468 immo
1243 4417 1349 4468 omuino
1370 4429 1424 4467 uou
1447 4420 1489 4465 ert
1505 4409 1590 4472 thesis

493 4489 538 4540 tua
557 4490 585 4538 et
601 4483 679 4542 brevi
706 4486 809 4540 iuteriit
832 4486 881 4541 tibi
906 4500 1007 4558 opera,
1038 4495 1065 4543 et
1083 4489 1141 4560 agri
1168 4503 1326 4544 aerumnose
1357 4485 1423 4542 culti
1441 4486 1525 4558 spica,
1545 4479 1592 4552 qui
