4000 5392
492 592 713 663 ursronriu
740 593 998 663 erziunrrin
1015 598 1168 664 mvii.
1194 578 1321 664 5-9.
1412 591 1488 665 533

391 782 446 827 νον
466 759 511 834 εἰς
530 760 631 843 μῆκος
652 757 734 823 ἐστί·
788 758 847 822 καί
873 756 902 821 οἱ
933 757 1141 841 ἐπηκολούθει
1175 754 1193 821 ri
1223 755 1303 843 πρὸς
1325 760 1487 824 Φιλοθέοιι

304 948 307 951 ἡ
392 860 602 946 καθαιρεθείς
622 864 678 945 τῆς
697 884 731 926 τε
753 862 985 946 πατριαρχείας
1013 862 1144 946 καὶτῆς
1169 860 1343 948 ἱερωσύνης
1366 863 1490 928 Κάλλι-

393 952 475 1040 στος,
501 959 536 1038 ύς
557 961 612 1027 καὶ
634 959 728 1037 αύτιὶς
749 961 897 1047 καθάπερ
929 963 963 1027 ἐκ
986 962 1196 1048 παρατάξεως
1217 963 1412 1045 ἀμυνόμενος
1433 961 1618 1029 uri-Mutt-

391 1063 445 1129 τόν
457 1084 492 1128 τε
505 1067 662 1149 καθαιρεῖ
672 1065 728 1148 τῆς
740 1062 914 1149 ἱερωσύνης
923 1064 1085 1145 Φιλύθεον
1101 1064 1157 1127 καὶ
1167 1066 1230 1135 ταῖν
1250 1068 1492 1150 πατριαρχικοὶν

366 1164 458 1229 οάντ)
479 1164 601 1229 ἐκείνου
628 1163 822 1231 καθίσταται
852 1164 979 1250 θρύνων
1012 1163 1171 1244 διάδοχος.
1225 1162 1312 1241 ύπως
1335 1167 1364 1229 ri’
1385 1163 1492 1241 αὐτοῖς

394 1264 601 1345 ἐσχεδίασται
623 1262 662 1329 τά
684 1269 831 1345 τοιαῦτα,
849 1268 905 1331 καὶ
926 1260 978 1332 οἷα
999 1267 1229 1350 συμπέπτωκεν
1249 1270 1342 1351 ἓτερα
1364 1264 1491 1351 μεταξύ,

393 1362 521 1450 εἴρηταί
536 1387 570 1428 τε
593 1389 731 1451 μετριως
759 1364 836 1451 ἡμῖν
864 1368 919 1434 καὶ
940 1370 1102 1453 εἰρήσεται
1134 1370 1275 1434 πλειόσιν
1307 1365 1415 1444 άλλοις
1436 1368 1492 1453 την

395 1464 539 1551 ἱστοριάν
560 1463 637 1542 ἴσως
660 1467 705 1542 εἱς
724 1469 826 1551 μῆκος
846 1471 968 1550 μάλλον
997 1466 1308 1553 ἐκτετακύσινῆμαὶν
1331 1470 1527 1533 ἐνταυθοάῦ

394 1566 449 1631 καί
481 1566 541 1649 μὲν
576 1564 615 1650 δι’]
637 1567 802 1651 πρόσεισιν
827 1567 978 1645 Ἀλανίας
1007 1572 1054 1657 τῷ
1084 1568 1179 1633 πάλιν
1199 1569 1493 1654 πατριαρχεύσαντι

352 1678 385 1732 10
393 1664 491 1751 τούτῳ
515 1666 696 1752 Καλλίστῳ,
720 1666 820 1752 λη’θην
842 1692 875 1733 τε
899 1669 996 1747 άξιιύν
1014 1669 1165 1754 γενέσθαι
1180 1671 1243 1733 τῶν
1263 1669 1417 1753 πρύτριτα
1438 1669 1493 1733 ἐπί
1500 1674 1505 1679 ’

395 1765 556 1833 Φιλοθέοιι
581 1766 814 1851 ἐγκεκλημένων
836 1768 939 1856 αύτῷ,
963 1771 1019 1834 καί
1042 1772 1132 1854 δῶρα
1156 1769 1296 1851 πέμψειν
1317 1766 1491 1850 ύπισχνού-
1565 1823 1569 1830 ,

392 1890 486 1952 μενος
509 1866 699 1952 ἀποχρῶντα
727 1870 968 1954 ἐπιδεδημηκώς
996 1872 1028 1948 ἐς
1047 1870 1210 1937 Ἀλανίαν.
1251 1872 1298 1956 regi
1320 1862 1375 1933 σύν
1400 1873 1491 1935 Καλ-

393 1968 488 2053 λάιτιρ
512 1965 616 2047 ἔχοντι
637 1966 677 2033 τά
705 1969 919 2061 ἐπηγγελμένα
941 1972 974 2035 ἐν
1007 1972 1131 2036 ἐλπίσιν
1150 1967 1212 2057 ἤδη
1236 1969 1491 2057 ἀναμφιλέκτοις,

391 2068 527 2150 τάχιστα
550 2069 734 2152 ἐπεραίνετύ
756 2068 785 2134 οἱ
805 2072 857 2157 ἐφ’
874 2063 921 2147 οἷς
941 2071 1129 2156 ἐμισθώθη·
1172 2072 1228 2135 καὶ
1249 2065 1288 2155 ἦν
1310 2070 1398 2157 αύτῷ
1412 2077 1490 2135 συλ-

351 2184 384 2237 15
395 2167 575 2254 λειτουργὸς
596 2167 676 2255 ἡδύς
692 2170 844 2249 Ἀλανίας
865 2175 898 2241 ἐν
926 2166 1052 2257 ἑορταῖς
1071 2195 1105 2236 τε
1128 2172 1184 2238 καὶ
1203 2172 1416 2257 πανηγύρεσιν
1437 2171 1492 2235 καὶ

394 2270 544 2355 σύνεδρος
566 2272 599 2334 ἐν
619 2279 684 2347 τοῖς
706 2275 783 2336 καθ’
813 2270 936 2356 ἡμέραν
961 2274 1181 2359 ψηφίσμασιν.
1234 2271 1304 2336 ἐπεὶ
1333 2274 1362 2336 δ’
1392 2268 1411 2336 ὃ
1432 2272 1529 2353 μὲνο

395 2370 501 2457 α’τιήει,
521 2369 562 2435 τά
583 2373 613 2435 δ’
635 2371 849 2456 ἐπηγγελμένα
880 2373 979 2458 λήθης
1012 2374 1128 2454 βυθοῖς
1157 2371 1396 2453 παρεπέμπετο,
1419 2373 1490 2436 αι’σ-

394 2469 565 2555 θύμενοςιὶ
591 2470 666 2556 πρὶν
680 2473 798 2548 ἐκεῖνος
819 2472 1001 2557 κατήγορος,
1026 2472 1206 2546 Κάλλιστος
1225 2466 1337 2553 ὄνομα,
1361 2469 1492 2556 ἀφίκετο

395 2572 481 2657 πάσῃ
504 2574 633 2657 σπουδῇ
652 2572 845 2657 βριθούσαις
876 2574 1041 2655 παλάμαις
1073 2574 1195 2636 ἐκεῖθεν
1218 2568 1308 2657 παρά
1328 2570 1383 2636 τόν
1406 2568 1493 2653 ὅμοι’-

350 2690 494 2753 γονομον
515 2671 571 2735 καὶ
591 2670 772 2756 ύμύτροπον
787 2671 973 2749 Κάλλιστον,
998 2668 1036 2748 ἃς
1055 2670 1231 2752 ἐκεκομίκει
1253 2670 1407 2755 πρότερον
1430 2675 1491 2736 Φι-

396 2771 508 2859 λοθέιρ,
531 2772 587 2835 καί
608 2773 663 2836 νῦν
687 2772 828 2853 κομίζων
853 2772 1043 2858 κατηγορίας
1073 2768 1154 2834 κατά
1180 2772 1237 2835 τοῦ
1256 2769 1416 2848 Ἀλανίας,
1439 2769 1494 2833 καί

305 2920 319 2939 ,
397 2870 463 2955 άμα
493 2873 597 2958 ιη’ντι
625 2870 745 2937 ἐκείνου
782 2875 882 2957 ζητῶν
914 2875 1106 2959 καθαίρεσιν
1133 2872 1189 2936 καὶ
1218 2869 1274 2956 την
1296 2873 1352 2937 reri
1372 2870 1491 2955 θρόνοι

392 2974 581 3058 μετάληψιν.
620 2974 661 3060 τῇ
682 2964 739 3041 ούν
760 2977 908 3061 παρολκῇ
927 2976 990 3038 τῶν
1018 2974 1191 3058 λημμάτων
1215 2961 1493 3059 ’παρελκοσθεὶςύ

395 3292 527 3338 nrrretuur
547 3290 597 3336 eet·
635 3283 710 3337 illiue
728 3302 795 3346 τειο
815 3302 906 3340 corner
926 3295 983 3340 eret
1002 3286 1131 3342 Geiiietue
1148 3302 1165 3339 ιι
1184 3285 1327 3339 Phiiutbec
1344 3299 1359 3336 e
1377 3286 1494 3351 petrice.

396 3355 474 3407 chniu
502 3358 529 3406 et
558 3354 707 3407 eecerdotio
739 3359 857 3424 ciectne,
889 3360 933 3427 qui
955 3371 1063 3411 euornrn
1089 3365 1118 3409 ut
1142 3372 1255 3425 ecquurn
1281 3356 1367 3408 vienni
1395 3357 1495 3407 vindex

396 3426 563 3479 Phiiotheurn
583 3441 692 3477 munere
709 3443 802 3480 rureue
815 3430 914 3492 eiecit,
934 3437 960 3481 et
979 3430 1006 3479 in
1023 3428 1229 3495 patriercheturn
1247 3426 1387 3479 eucceeeit.
1424 3440 1495 3494 quo.

387 3498 474 3550 «morio
495 3505 583 3549 eutem
603 3496 671 3548 hacc
692 3498 762 3550 iuter
784 3497 1015 3560 incenderint,
1035 3505 1062 3549 et
1083 3513 1152 3566 quac
1171 3496 1225 3549 eliu
1243 3496 1319 3549 ιίιιιοΙ
1339 3497 1494 3559 reciderint,

396 3571 447 3622 iem
465 3570 531 3620 eetie
549 3583 565 3620 ι
583 3566 660 3620 nobie
680 3569 829 3636 expueitnm
850 3576 891 3621 eet
911 3578 938 3621 et
959 3575 1130 3634 exponentur
1148 3570 1199 3620 inm
1219 3566 1340 3636 pluribue
1359 3567 1430 3633 eliie,
1449 3566 1495 3618 ubi

397 3640 535 3692 historiam
563 3637 671 3708 longine
697 3639 907 3707 produxerimue.
955 3642 1046 3706 ireque
1071 3638 1186 3705 Symeon
1216 3640 1248 3691 ed
1268 3639 1338 3690 huuc
1365 3638 1410 3706 qui
1430 3638 1495 3689 oiiru

397 3710 601 3779 patriarchatum
622 3710 750 3763 hebueret
770 3710 907 3766 criticum
926 3728 956 3763 ec
977 3709 1106 3773 contulit,
1123 3724 1220 3778 rogerie
1240 3717 1268 3761 ut
1287 3710 1424 3761 criminun
1443 3708 1495 3760 eibi

398 3782 446 3834 rub
469 3781 610 3834 Phiiothco
635 3782 799 3835 obiectorum
830 3781 994 3834 oblivionem
1015 3781 1133 3845 fuceret,
1159 3788 1186 3833 et
1212 3780 1334 3847 promieit
1356 3779 1445 3849 iergnr
1464 3796 1494 3831 ιο

398 3854 538 3905 ruieeururn
558 3853 703 3919 pecuniae,
729 3855 752 3907 ei
771 3852 883 3907 Aiuniue
908 3855 935 3905 in
954 3852 1043 3905 eedem
1070 3867 1142 3903 ιοιιιι
1164 3853 1360 3904 restitueretur.
1398 3851 1493 3919 quibui

400 3923 527 3989 Ceiiietue
548 3933 712 3990 comeretur,
733 3940 811 3995 quum
840 3925 1013 3977 certieeirunm
1032 3924 1220 3990 prornieeornrn
1246 3937 1320 3989 rpem
1341 3922 1392 3974 eibi
1411 3923 1495 3974 iecie.

399 4002 450 4059 eet,
470 4010 547 4063 ροισι
567 3994 709 4047 celerrime
730 3996 757 4047 id
778 3986 876 4059 effecit,
897 4004 923 4048 et
939 4002 1031 4064 gretue
1051 3996 1108 4048 ciue
1135 3994 1220 4045 iuctne
1241 4001 1282 4045 eet
1300 3992 1407 4062 college
1426 3993 1494 4046 ΑΙι.

402 4067 461 4117 nine
480 4068 506 4117 iu
526 4066 677 4132 aurificiis,
696 4067 780 4130 tertie,
801 4066 921 4118 coetibue
940 4064 1073 4132 publicie,
1099 4073 1126 4117 et
1145 4066 1234 4118 eucine
1253 4066 1280 4115 iu
1299 4065 1405 4115 iudicii·
1423 4078 1494 4132 que.

399 4137 466 4189 tidie
485 4137 651 4189 exercendis.
689 4138 741 4195 red
756 4152 834 4205 quum
854 4136 903 4188 iiic
920 4136 1024 4200 abiret,
1044 4137 1172 4204 premiere
1190 4150 1257 4188 reru
1277 4136 1402 4187 continue
1420 4136 1495 4187 obli.

399 4207 1495 4344 :iti:²‘titiittiitii‘ttriiiiii?„i5t.‘t¹:.tttiti⁰ttttt;t

400 4364 513 4418 quocum
532 4351 640 4401 nornine
660 4358 687 4402 et
707 4350 824 4402 muribus
838 4352 995 4401 coniunctae
1016 4357 1073 4400 eret
1093 4351 1247 4416 properarit
1270 4356 1297 4400 et
1315 4350 1406 4400 eudem
1426 4362 1495 4417 ροσε

400 4430 479 4474 εοεαε
497 4420 566 4488 apud
585 4420 765 4485 Phiiutieenrn,
787 4436 857 4473 nunc
877 4421 947 4488 epud
968 4418 1044 4471 illurn
1058 4422 1167 4472 crimine
1186 4421 1214 4471 iu
1232 4419 1353 4473 Aicnieru
1374 4420 1494 4487 protulit,

402 4492 535 4561 eimulque
558 4498 586 4544 ut
603 4492 725 4547 Aieuiem
744 4492 808 4545 rede
825 4506 873 4545 eue
890 4499 1015 4557 mereret
1040 4498 1067 4543 et
1086 4492 1137 4544 eibi
1156 4506 1213 4543 ceru
1235 4491 1397 4545 concederet
1413 4504 1497 4560 ιορι.
