4000 5392
567 605 788 677 arsoonne
816 585 1181 672 ammiramur.
1203 583 1391 674 tt-to.
1467 589 1540 670 νου

384 763 388 769 ’
444 768 551 856 ίύσπερ
581 769 624 838 σύ
659 767 840 852 διαβάλλεις
873 761 1007 851 οἲναίδην
1038 770 1263 852 σακοφαντύνς
1293 767 1540 850 χαρακτηρίζετν

442 877 503 954 μὲν
526 870 588 957 γὰρ
610 871 817 956 α’κηκύαμεν,
848 872 1015 954 διαφέρειν
1046 869 1076 932 δ’
1094 869 1223 956 ου’δαμῆΙ
1248 865 1304 933 τὸν
1329 872 1417 932 θεῖον
1437 858 1540 950 ἄνδρα

444 976 562 1039 ἐκεῖνον
584 969 771 1056 εύρίσκομεν
799 974 938 1055 λέγοντα.
989 974 1021 1036 εἰ
1050 972 1086 1036 δὲ
1116 969 1150 1034 τὸ
1178 972 1423 1055 χαρακτηρίζειν
1443 968 1541 1044 αύτύς

445 1075 520 1139 α’ντί
538 1077 596 1138 τού
611 1075 778 1160 διαφέρειν
801 1068 984 1155 λαμβιίνεις,
998 1068 1068 1156 ύρα
1088 1091 1139 1136 σοι
1153 1067 1264 1135 λσιπύν
1285 1069 1341 1134 καί
1351 1072 1541 1155 χαρακτῆρα
1618 1140 1620 1148 ,

417 1177 505 1239 droa*
527 1175 649 1257 πατρὸς
678 1171 734 1238 τύν
767 1169 835 1237 υἱὸν
866 1176 923 1257 τῆς
957 1177 1084 1259 γραφῆς
1115 1166 1259 1238 ἀκούοντι
1283 1169 1446 1255 λεγούσης,
1466 1167 1540 1235 α’νύ·

445 1297 538 1357 μονον
559 1272 616 1341 τύν
638 1273 709 1340 υἱὸν
727 1277 772 1363 spi
794 1277 894 1358 πατρί
914 1275 1080 1358 κηρύττειν
1103 1276 1158 1338 κατ’
1173 1267 1320 1336 α’νσύσιον
1343 1271 1399 1335 κατ’
1411 1272 1539 1356 σφόδρα

446 1371 604 1461 διάφορον
627 1374 684 1458 τῆν
704 1373 815 1461 φύσιν.
859 1378 930 1438 αλλ’
950 1373 994 1450 ὥς
1016 1371 1109 1456 ἔοικε,
1133 1371 1168 1439 τὸ
1192 1369 1291 1460 φύσει
1313 1369 1409 1437 κακύν
1429 1372 1472 1448 ὥς
1492 1371 1542 1436 εί-

447 1485 537 1556 πείν,
570 1481 625 1542 καί
643 1475 681 1541 τὰ
711 1477 767 1559 τῆς
787 1478 932 1551 διανοίας
962 1469 1184 1560 ύπαξ.καίρια
1218 1472 1381 1558 νενοσηκὸς
1403 1472 1458 1537 κατ’
1479 1475 1543 1538 ταῖν

446 1580 544 1641 θείων
564 1578 752 1663 ἐπισφαλῶς
775 1574 959 1660 διερρωγὸς
980 1573 1034 1640 διδ
1057 1579 1162 1640 ταύτα
1184 1575 1359 1658 δογμάτων,
1371 1573 1474 1666 χρύκιρ
1484 1571 1542 1657 τῆν

447 1771 501 1842 dat
521 1779 581 1843 τού
609 1780 708 1842 καλού
738 1779 946 1862 προσποίησιν
976 1775 1111 1860 τάχιστα
1131 1777 1334 1863 α’ποσείεται,
1362 1776 1544 1859 πράγμασιν

406 1915 410 1918 ·
447 1876 558 1953 αύτοϊς
581 1874 810 1960 ἐλεγχόμενον,
835 1875 1113 1961 παλινδρομούσης
1147 1879 1202 1962 τῆς
1236 1875 1365 1965 φύσεως
1386 1876 1441 1942 κατ’
1460 1878 1542 1944 α’να-

446 1979 671 2062 λαμβανούσης
694 1980 729 2042 ἐκ
750 1981 807 2043 τού
839 1973 959 2066 ῥᾴστου
982 1975 1015 2043 τύ
1044 1981 1182 2064 γνῆσιον.
1226 1979 1280 2044 καί
1299 1975 1394 2062 σύγε
1423 1977 1489 2064 μῆν
1510 1979 1608 2064 dan

446 2081 508 2160 μὲν.
535 2079 579 2166 τῷ
606 2077 768 2165 γραφικύς
797 2083 976 2163 μαρτυρίας
1012 2086 1258 2164 προσποιεῖσθαι
1296 2080 1452 2161 κομίζειν,
1483 2081 1543 2162 ούχ

404 2180 545 2265 tetrade·
566 2182 596 2244 δ’
617 2174 686 2263 σύν,
707 2177 764 2265 τῆν
779 2177 877 2256 αύτύς
897 2183 1020 2246 σαυτοῦ
1039 2203 1074 2264 γε
1096 2182 1239 2264 α’μαδιαν
1260 2175 1340 2245 ἑκών
1361 2183 1544 2263 ἐξελέγχεις,

448 2283 482 2345 δν
505 2285 542 2352 δὲ
565 2285 607 2371 τῷ
636 2283 691 2345 κατ’
713 2279 793 2365 πρὸς
824 2283 988 2367 ε’πισφαλῆ
1015 2285 1070 2346 καί
1098 2282 1240 2366 δυσσεβῆ
1270 2277 1413 2346 διάνοιαν
1443 2275 1545 2356 αύτύς

449 2384 655 2468 διαστρέφειν
684 2378 741 2466 τῆν
777 2383 894 2449 αι’κείαν
926 2381 972 2448 ἔτι
1005 2380 1185 2466 δεοτρίζεις
1213 2378 1389 2446 κακόνοιαν.
1440 2377 1545 2444 ου’κέτι

446 2481 507 2569 γὰρ
537 2483 717 2566 α’νίλεγκταν
749 2483 838 2558 ε’ςτοὶ
860 2507 894 2566 γε
918 2487 973 2569 τῆς
1008 2487 1117 2566 ψυχῆς
1140 2480 1303 2566 μοσῆτρια
1335 2478 1545 2564 καθευδῆσειν

448 2586 609 2665 dimiteret
630 2582 664 2647 τὸ
685 2589 739 2669 τῆς
760 2585 871 2660 κακίας
894 2582 1076 2672 α’πόρρητον
1096 2577 1191 2668 αἶγας·
1215 2579 1384 2667 ἐξερρύηκε
1406 2578 1467 2666 γύρ
1491 2582 1548 2645 καί

401 2681 690 2770 willemannum
711 2689 743 2761 ἐς
757 2681 848 2770 ῆλίσυ
864 2682 965 2766 αύγύς
986 2687 1041 2749 κατ’
1062 2680 1130 2767 ἅμα
1152 2686 1184 2761 ἐς
1196 2685 1340 2768 μυκτῆρα
1355 2679 1410 2745 καί
1426 2675 1546 2764 χλεύην

448 2780 592 2870 δεύτρσυ
624 2784 745 2871 μεστῆν
769 2787 919 2867 κωμικοῦ.
974 2788 1028 2850 καί
1049 2782 1086 2871 ῆν
1111 2789 1172 2868 μὲν
1194 2787 1323 2861 ἐδίωκες
1344 2779 1544 2856 α’πολύλεκας

450 2885 550 2984 δόξαν
567 2883 649 2968 πρὸς
671 2880 804 2966 α’δοξίαν
819 2885 1026 2972 μετενεγκών·
1079 2879 1117 2972 ῆν
1142 2888 1172 2951 δ’
1195 2885 1365 2961 δκύλυτιτες
1390 2880 1545 2969 αἰσχύνην

454 3234 641 3300 efficientiam,
666 3235 738 3288 sicut
759 3243 788 3288 tn
812 3234 881 3290 laec
905 3239 1040 3305 pervenis
1065 3238 1233 3305 impudenter
1251 3234 1429 3289 criminatus?
1448 3236 1545 3289 atenim

454 3306 583 3375 explicari
602 3307 710 3376 quidem
726 3316 845 3361 naturam
874 3308 908 3361 ah
928 3324 959 3361 ea
977 3310 1143 3375 audirimus,
1170 3308 1277 3361 differre
1295 3315 1383 3359 autem
1403 3322 1460 3358 eam
1479 3321 1545 3359 nus.

454 3394 530 3448 qoam
549 3380 699 3430 invenimus
718 3379 848 3431 dicentem
868 3380 943 3431 iilum
966 3381 1084 3433 divinum
1104 3383 1200 3432 virum.
1238 3380 1289 3429 iam
1307 3392 1373 3429 vero
1392 3379 1414 3429 si
1434 3387 1462 3430 tu
1483 3377 1546 3445 qui.

453 3451 512 3502 dem
531 3447 604 3500 illam
623 3458 734 3501 naturae
759 3449 966 3518 explicationem
987 3467 1036 3519 pro
1055 3451 1205 3502 differentia
1226 3449 1345 3515 accipie,
1366 3449 1416 3498 iam
1440 3447 1546 3498 esttibi

377 3535 381 3540 ’
433 3521 606 3589 ιτελίιηαιιτα,
631 3536 690 3572 τοτα
710 3521 800 3574 audias
820 3523 976 3593 scripturam
996 3523 1128 3573 dicentem
1158 3519 1363 3588 explicationem
1382 3519 1464 3585 patris
1486 3532 1546 3570 este

453 3592 545 3655 filium,
565 3598 594 3642 nt
612 3591 767 3644 dissimilem
786 3592 871 3644 filium
889 3593 957 3659 patri
977 3593 1109 3656 enunties,
1130 3600 1157 3642 et
1176 3591 1246 3660 quod
1265 3590 1297 3642 ad
1314 3599 1432 3641 naturam
1452 3589 1547 3640 attinet

454 3663 570 3714 essentia
589 3671 722 3715 carentem
742 3672 768 3715 et
788 3663 867 3715 ualde
886 3663 1031 3716 diversum.
1068 3663 1125 3726 sed,
1146 3670 1175 3713 nt
1193 3662 1308 3725 videtur,
1328 3661 1397 3729 quod
1417 3676 1432 3712 a
1450 3667 1544 3712 natura
1625 3665 1626 3668 ’

454 3749 563 3804 pravum
585 3742 635 3797 est,
652 3743 681 3786 ut
700 3736 737 3785 ita
756 3735 849 3798 dicam,
870 3742 896 3785 et
914 3733 998 3786 semel
1016 3733 1171 3801 periculoso
1190 3734 1286 3786 mentis
1309 3732 1402 3784 morbo
1423 3731 1547 3783 affectum

455 3813 481 3856 et
497 3813 639 3873 propterea
668 3805 767 3856 divinis
786 3806 917 3873 dogmatis
939 3805 1077 3874 abruptum
1099 3811 1139 3856 cst
1158 3807 1185 3856 in
1206 3817 1339 3868 errorem,
1359 3811 1478 3869 tempore
1496 3803 1547 3854 de-

454 3875 512 3927 lcre
532 3875 648 3926 habitum
667 3875 737 3926 haud
755 3878 813 3927 scio
833 3892 867 3930 an
884 3892 1017 3945 nunquam
1034 3876 1127 3943 possit,
1147 3890 1199 3930 nou
1218 3877 1302 3944 magis
1320 3890 1396 3943 quam
1416 3873 1547 3924 interdum

453 3945 569 3998 habitum
588 3945 693 4013 pulchri
722 3961 755 3998 ex
774 3948 851 4014 poesi
870 3947 973 4016 pellere
992 3955 1099 4014 potest,
1123 3946 1264 4000 celerrime
1288 3947 1421 3998 decutitur
1440 3959 1469 3996 re
1490 3946 1548 4010 ipsa

455 4017 604 4081 detectum,
640 4033 699 4067 cum
720 4026 814 4069 natura
833 4020 926 4071 redeat
945 4027 972 4070 et
988 4019 1103 4085 recipiat
1127 4019 1256 4071 facillime
1274 4032 1435 4087 germanum.
1475 4023 1501 4066 et
1520 4023 1548 4065 tu

455 4088 558 4156 quidem
577 4086 725 4139 simulando
753 4097 781 4140 te
797 4091 894 4142 aliene
919 4091 1070 4142 testimonia
1096 4093 1210 4158 scripta,
1223 4091 1328 4141 s-ineanc
1349 4087 1469 4156 quidem,
1489 4089 1547 4152 ipse

454 4159 591 4212 stultitiam
610 4167 681 4209 tuam
710 4158 780 4210 ultro
799 4161 919 4229 detegis,
945 4176 1090 4231 quaecum
1118 4164 1195 4212 etiam
1220 4163 1247 4211 in
1274 4159 1433 4212 sententiam
1452 4171 1548 4224 vagam

455 4238 482 4280 ct
498 4231 604 4297 impiam
626 4238 782 4296 pervertas,
802 4232 852 4282 iam
871 4232 1065 4300 improbitatem
1082 4233 1131 4284 tibi
1145 4233 1278 4299 propriam
1298 4228 1407 4298 publice
1427 4229 1548 4297 exponis.

454 4315 542 4369 nequa
562 4301 631 4351 enim
650 4301 701 4350 iam
721 4301 835 4353 celatum
857 4304 928 4370 quod
946 4304 978 4355 ad
999 4302 1080 4354 animi
1104 4304 1232 4370 mysteria
1249 4303 1344 4353 attinet
1369 4315 1399 4353 se
1418 4301 1548 4353 dormito.

455 4387 511 4422 rum
535 4379 626 4438 sperat
642 4371 782 4438 pravitatis
805 4372 895 4425 scelus
925 4382 1066 4427 secretum.
1114 4375 1247 4426 emanavit
1276 4373 1346 4424 enim
1366 4379 1393 4422 et
1411 4369 1549 4437 divulgata

456 4450 497 4492 ert
516 4443 544 4494 in
563 4441 629 4494 solis
648 4441 736 4493 radios
760 4443 894 4511 simulque
914 4447 941 4497 io
960 4441 1101 4496 ludiBrium
1121 4452 1148 4496 et
1166 4443 1365 4496 cavillationem
1384 4441 1481 4494 theatri
1501 4455 1549 4492 co.

455 4513 516 4563 niet
538 4512 717 4579 frequentem,
739 4519 766 4562 et
783 4512 895 4581 gloriam
915 4531 992 4584 qoam
1010 4516 1116 4581 assequi
1134 4513 1258 4570 studebas
1271 4515 1410 4585 perdidisti
1427 4519 1550 4570 numum
