4000 5392
509 610 585 695 lod
754 570 758 575 ³
811 626 1038 696 mearuom
1066 626 1296 694 onanonsn

509 794 640 877 πρεπῶς
658 792 692 855 ἐκ
714 793 778 855 τῶν
800 789 950 854 αἰτιατῶν
971 786 1227 876 ῦπογρόφονια.”
1274 789 1330 854 καί
1351 788 1447 854 πόλιν
1465 787 1610 877 “monsi-

509 914 615 973 σωμιν
638 892 673 954 δὲ
695 891 724 953 εἰ
745 887 791 973 μη
812 892 917 965 καλῶς
939 882 1076 975 ἑκατέρῳ
1097 894 1160 953 τῶν
1182 889 1356 973 εἰρημένων
1377 889 1507 975 τρόπων
1527 888 1609 955 κατὰ

506 989 562 1075 την
585 993 678 1057 θείαν
695 992 816 1076 ἐκείνην
836 994 893 1054 τοῦ
916 993 1032 1075 κυρίου
1056 989 1309 1075 μεταμόρφωσιν
1326 992 1382 1055 καί
1403 996 1515 1077 σοφῶς
1534 995 1607 1057 ἐνυ-

508 1094 628 1178 πάρχοι
647 1090 682 1157 τό
703 1092 881 1175 σόμβολον·
939 1092 1007 1156 ἔδει
1026 1091 1089 1176 γὰρ
1112 1090 1215 1169 αὐτόν,
1237 1097 1314 1156 καθ’
1336 1091 1421 1176 ἡμᾶς
1443 1092 1607 1177 ἀτρέπτως

507 1196 676 1278 κτισθῆναι
696 1196 737 1257 δι’
760 1190 896 1277 ἄμετρον
926 1194 1176 1279 φιλανθρωπίαν
1195 1194 1466 1275 καταδεξάμενον,
1488 1187 1629 1265 {nornis

506 1294 656 1377 γενέσθαι
686 1293 783 1358 τόπον
818 1294 874 1357 καί
905 1292 1083 1376 σόμβρλον,
1120 1293 1176 1361 καί
1198 1296 1397 1376 παραδεῖξαι
1422 1295 1456 1370 ἐξ
1487 1287 1605 1357 ἑαυτοῦ

506 1396 708 1475 συμβολικῶς
738 1387 869 1471 ἑαυτόν,
891 1394 946 1458 καί
974 1398 1016 1459 δι’
1038 1392 1136 1459 αῦτοῦ
1165 1395 1359 1480 φαινομένου
1392 1392 1474 1478 πρός
1490 1387 1603 1459 ἑαυτόν

509 1493 641 1579 ἀφανῶς
672 1496 772 1580 πόντῃ
803 1496 1021 1579 κρυπτόμενον
1038 1498 1281 1581 χιιραγωγῆσαι
1308 1493 1365 1578 την
1386 1493 1517 1558 ἅπασαν
1536 1496 1601 1560 κτί-

440 1592 585 1658 „aaa”
638 1595 693 1660 καί
726 1596 823 1659 πόλιν
841 1594 933 1661 “inei
958 1599 1042 1680 μηδὲ
1059 1600 1243 1679 χωρεῑσθαι
1270 1598 1312 1681 τῇ
1333 1595 1433 1659 κτίσει
1455 1593 1491 1659 τό
1514 1591 1613 1658 ἄκη--

506 1719 581 1760 στον
602 1696 734 1781 πέφυκε,
754 1699 836 1781 μηδὲ
859 1701 1081 1781 περινοεῖσθιιι
1100 1706 1166 1772 τοῖς
1179 1694 1430 1779 πεπερασμένοις
1450 1693 1486 1759 τό
1509 1692 1599 1759 ἄπει-
1610 1713 1639 1766 ιο

506 1793 589 1879 ρον.”
636 1796 692 1859 καί
721 1796 814 1860 πόλιν
843 1794 918 1880 “aba
949 1798 1010 1879 μὲν
1040 1796 1257 1882 όκτινοφανῶς
1289 1794 1517 1877 ἑκλόμπουσακ
1545 1797 1601 1859 τοῦ

504 1894 677 1980 προσῶπου
712 1898 885 1979 πανόλβιον
917 1896 1037 1982 αἴγλην,
1059 1896 1103 1973 ῶς
1123 1901 1231 1961 πᾶσαν
1260 1896 1442 1982 όφθαλμῶν
1461 1900 1599 1961 νικῶσαν

504 1997 680 2081 ἐνέργειαν,
709 2001 764 2081 τῆς
785 1994 865 2082 ῦπὲρ
887 2000 961 2069 νοῦν
982 1998 1039 2062 καί
1060 1996 1212 2083 αἴσθησιν
1232 1998 1288 2061 καὶ
1309 1996 1422 2061 οὐσίαν
1441 1998 1498 2062 καί
1517 2001 1598 2082 γνῶ-

504 2120 555 2161 σιν
576 2098 724 2182 θεότητος
747 2096 844 2162 αὐτοῦ
865 2099 1025 2182 σόμβολσν
1046 2093 1130 2162 εἶναι
1150 2099 1375 2163 ἐόιόόσκσντο·
1402 2096 1443 2162 τό
1464 2099 1500 2162 δὲ
1524 2105 1596 2161 λευ-

492 2199 658 2263 .κανθέντα
677 2197 788 2281 ἱμάτια
807 2202 871 2264 τῶν
893 2198 1042 2285 ῥημάτων
1058 2202 1114 2282 τῆς
1136 2197 1228 2284 ἁγίας
1240 2201 1367 2284 γραφῆς
1384 2198 1496 2284 φέρειν
1516 2200 1636 2281 arip-15

501 2301 597 2380 βολον
620 2297 663 2375 ῶς
683 2303 854 2383 τηνικαῦτα
876 2304 1032 2385 λαμπρῶν
1054 2301 1110 2364 καί
1131 2304 1256 2384 τρανῶν
1279 2298 1334 2363 καί
1355 2302 1471 2384 σαφῶν
1491 2298 1597 2375 αὐτοῖς

502 2399 686 2484 γενομένων,
709 2400 764 2464 καί
785 2398 901 2476 παντός
922 2400 1107 2487 γριφιόόσυς
1126 2402 1311 2486 αίνιγματος
1322 2399 1378 2464 καί
1398 2402 1597 2481 συμβολικοῦ

485 2499 697 2581 -σκιόσματος
717 2498 822 2584 χωρές
842 2502 1042 2583 νοουμένων,
1062 2501 1118 2565 καί
1135 2500 1189 2564 τόν
1209 2502 1243 2564 ἐν
1263 2498 1369 2574 αὐτοῖς
1392 2493 1468 2562 ὄντα
1489 2522 1524 2563 τε
1542 2500 1596 2564 καί

501 2599 737 2682 καλυπτόμενον
761 2600 1144 2686 παραδηλοῦντωνλόγον,
1166 2599 1300 2685 ὁπηνίκα
1320 2596 1377 2683 την
1395 2600 1519 2663 τελείαν
1542 2599 1597 2663 καί

434 2706 488 2761 ⁸⁸
502 2696 604 2784 όρθὴν
625 2702 700 2785 περὶ
721 2704 800 2765 θεοῦ
819 2706 936 2787 γνῶσιν
953 2702 1095 2785 bladae?
1138 2701 1193 2766 καί
1214 2700 1309 2764 πόλιν
1326 2697 1634 2783 “ιῖρηιαι,τοι’νυνι(ι

502 2799 649 2886 ἀνωτέρω
672 2799 720 2866 ότι
744 2801 797 2865 διὰ
816 2805 875 2884 μὲν
895 2807 951 2887 τῆς
972 2805 1139 2888 γενομένης
1161 2803 1215 2866 ἐπί
1229 2804 1285 2865 τοῦ
1297 2797 1394 2886 όρους
1415 2803 1471 2863 τοῦ
1494 2824 1595 2885 προσ-

499 2899 588 2977 οόπου
616 2902 673 2965 τοῦ
701 2903 814 2987 κυρίου
849 2906 1044 2989 φωτοειόσῦς
1065 2902 1284 2987 λαμπρότητος
1314 2900 1395 2986 πρός
1428 2897 1484 2983 τὴν
1516 2902 1594 2963 πᾶσι

497 3000 640 3065 καθόλου
661 3008 728 3075 τοῖς
761 2996 850 3066 οόσιν
875 2998 1013 3088 ἄληπτον
1039 3006 1096 3066 τοῦ
1124 3006 1203 3065 θεοῦ
1223 3004 1385 3083 μυστικῶς
1405 3000 1434 3065 ot
1455 3023 1593 3085 rptnpn-

499 3316 564 3369 sstis
583 3317 788 3372 describentem.
826 3327 853 3372 et
871 3336 981 3373 rorans:
998 3321 1146 3386 rideamus,
1166 3335 1228 3372 uam
1247 3333 1301 3369 noa
1318 3316 1418 3384 optime
1437 3322 1465 3368 et
1481 3316 1591 3383 sapien.

498 3389 602 3440 tissime
621 3398 758 3460 utramque
778 3390 850 3443 illam
871 3394 1001 3444 rationem
1022 3393 1118 3445 babeat
1136 3392 1245 3444 divinae
1262 3390 1361 3441 domini
1375 3388 1590 3457 transfiguratio.

498 3460 540 3510 nla
564 3460 723 3527 symbolum.
759 3478 872 3515 necesso
895 3466 1042 3517 animarat
1066 3472 1177 3531 propter
1207 3458 1390 3513 incredibilem
1418 3460 1445 3509 in
1470 3459 1603 3512 homines,

499 3544 616 3583 amorem
637 3532 707 3585 inter
724 3548 774 3585 nna
795 3543 911 3587 creatum
939 3536 996 3587 beri
1018 3536 1133 3597 elbniem
1162 3541 1188 3585 ct
1205 3532 1352 3599 symbolum
1374 3538 1402 3580 et
1419 3545 1480 3581 sese
1503 3546 1535 3581 ea
1560 3545 1589 3580 se

497 3600 907 3729 tillt¹¹btll¹ltnil⁸⁶
924 3601 1590 3745 :tltlt‘tdl‘llt”tttttttt‘zttl

496 3757 542 3794 rae
564 3743 709 3797 increatum
742 3747 838 3800 lactum
867 3757 908 3800 est
933 3764 984 3800 nec
1010 3746 1253 3815 comprehensibile
1278 3747 1359 3798 bnitis
1382 3743 1523 3794 infinitam.
1563 3750 1590 3793 et

495 3828 603 3871 narsae:
623 3828 750 3868 summum
772 3818 850 3869 faciei
869 3820 1049 3887 splendorem,
1068 3819 1149 3871 radiis
1169 3818 1316 3885 fulgentem
1336 3823 1364 3867 et
1385 3822 1508 3881 tanquam
1529 3826 1590 3864 om.

495 3896 555 3936 aem
577 3886 715 3939 oculorum
735 3891 788 3940 vim
808 3898 1010 3957 exsuperantem
1029 3890 1136 3943 deitatis
1155 3905 1233 3956 supra
1250 3897 1364 3939 mentem
1390 3893 1417 3936 et
1435 3899 1542 3935 sensum
1563 3892 1590 3935 ct

496 3958 638 4019 essentiam
658 3966 686 4009 et
705 3962 885 4027 cognitionem
907 3962 992 4013 elatae
1013 3964 1071 4013 eius
1089 3961 1237 4026 symbolum
1264 3975 1323 4010 esse
1344 3955 1483 4008 docebant.
1522 3964 1604 4007 crn.‘

495 4026 570 4079 didas
591 4038 681 4081 vestes
706 4031 855 4097 symbolice
880 4033 1034 4101 siguificare
1053 4033 1135 4084 verba
1151 4046 1247 4083 sacrae
1266 4031 1424 4096 scripturae,
1444 4041 1513 4092 quae
1533 4035 1589 4078 tam

422 4122 423 4125 ¹
494 4098 610 4151 dilucide
628 4107 664 4151 *et
685 4105 826 4169 perspicua
847 4111 874 4154 ct
896 4105 1029 4155 evidentia
1051 4105 1083 4154 iis
1101 4103 1215 4166 flebant,
1236 4110 1264 4152 et
1281 4103 1340 4152 sine
1358 4098 1517 4165 aenigmatis
1535 4098 1589 4147 ins.

495 4168 641 4236 plicatione
661 4180 688 4224 et
706 4172 870 4239 symbolicae
891 4174 1090 4227 adumbratione
1100 4164 1330 4240 intelligebantur,
1350 4178 1377 4222 et
1394 4184 1461 4235 qaae
1474 4168 1587 4219 verbum

495 4241 564 4308 quod
586 4242 721 4295 intereos
744 4246 900 4296 versabatur
917 4245 1039 4297 occultus
1058 4246 1228 4311 aperiebant,
1255 4244 1300 4293 ubi
1318 4243 1464 4309 perlectam
1491 4246 1519 4289 et
1539 4255 1588 4290 re.

494 4318 560 4362 ctam
580 4310 613 4365 de
632 4314 683 4365 deo
701 4316 881 4383 cognitionem
903 4318 1140 4384 persequebantur.
1179 4322 1205 4366 et
1223 4329 1329 4365 suranae
1355 4311 1410 4363 dixi
1437 4310 1520 4376 igitur
1537 4326 1588 4361 sa.

492 4396 560 4449 prs,
593 4382 736 4450 splendore
765 4386 791 4437 in
810 4393 900 4437 monto
921 4388 955 4437 de
973 4388 1071 4439 domini
1093 4387 1162 4439 facie
1179 4387 1255 4452 quasi
1276 4384 1382 4436 luminis
1402 4382 1472 4432 lacto
1493 4380 1588 4431 beatos

492 4455 630 4519 apostolos
649 4456 681 4507 ad
703 4457 824 4508 omnibns
848 4458 976 4509 creaturis
1001 4457 1297 4525 incomprebensibilem
1326 4454 1369 4506 dei
1394 4452 1540 4518 potentiam
1560 4459 1589 4503 et

492 4523 604 4592 aloriano
624 4525 806 4596 inexplicabili
836 4534 863 4583 ct
880 4543 934 4584 non
964 4528 1137 4601 intelligibili.
1156 4528 1234 4583 modo
1262 4523 1474 4585 adducebantur,
1505 4537 1590 4592 quous
