4000 5392
394 896 406 905 ,
497 812 718 883 nrsronrun
733 809 1001 879 ‘omanorum
1024 794 1179 881 mut
1194 795 1347 881 1-15.
1405 800 1478 885 tet

381 977 495 1055 θέλων,
519 979 626 1063 φησιν,
648 973 666 1041 ό
686 977 761 1050 θεός
789 973 965 1058 μετέχετιιι,
989 971 1077 1061 αὐτῷ
1097 973 1183 1059 μόνῳ
1218 974 1376 1041 δεέκνοσιν
1400 968 1482 1039 εἶναι

380 1074 578 1161 καταληπτόν
595 1079 642 1163 τῷ
665 1080 741 1161 θεῷ,
763 1083 827 1151 τοῖς
850 1076 881 1137 δ’
906 1071 1014 1149 ἄλλοις
1036 1077 1134 1137 πᾶσιν
1150 1072 1359 1160 α’νέκφιιντον·
1404 1072 1421 1139 ό
1446 1077 1481 1139 δέ·

379 1180 547 1259 Πιιλαμᾶς
571 1176 764 1263 φαινομένην
785 1178 894 1240 τοῦτον
914 1178 1020 1237 καλῶν
1043 1174 1212 1259 ἐνέργειαν,
1234 1173 1290 1259 τὴν
1310 1178 1365 1239 τοῦ
1389 1173 1480 1259 ἆγιόυ

383 1279 570 1362 διαστρέφει
609 1279 770 1354 διόνοιιιν,
799 1275 1032 1359 κακομηχόνως
1062 1272 1276 1357 μετοχετεόων
1310 1277 1356 1352 εἷς
1385 1272 1408 1340 ό
1436 1305 1481 1363 μη

352 1381 439 1452 5δεί
488 1382 588 1445 ἐκεῖνο
609 1382 654 1457 ,δὲ
686 1383 753 1455 πῶς
790 1378 845 1443 οόιι
882 1376 1030 1453 α’νιιιδές,
1069 1379 1115 1461 τῷ
1140 1378 1206 1457 ,μὲν
1234 1375 1359 1460 Ἕλληνι
1385 1378 1548 1459 tipo-ac

380 1484 453 1565 κλιμ,
476 1480 531 1545 aar*
553 1482 652 1545 πάνθ’
679 1478 822 1565 όμοδόξιμ
846 1478 1035 1554 Πλάτωνος,
1068 1474 1232 1557 ὁμοδοξεῖν
1259 1478 1319 1559 μὲν
1346 1475 1402 1540 rtur*
1422 1478 1480 1541 α’λ-

379 1584 467 1665 λαχῇ
497 1584 661 1666 πολλαχῇ,
680 1579 767 1644 καθὰ
790 1579 845 1643 καί
873 1579 1017 1664 πρόσθεν,
1046 1574 1123 1660 ἡμῖν
1147 1575 1226 1639 aurci
1254 1578 1316 1642 τοῖν
1338 1578 1480 1661 πρόσθεν

380 1680 478 1744 σότοῦ
496 1684 711 1765 βλασφημιῶν
724 1684 757 1745 έν
774 1688 844 1756 ταῖς
858 1679 1028 1764 προτέραις
1047 1675 1136 1759 ἡμῶν
1155 1676 1377 1761 όντιρρὴσεσιν
1397 1678 1478 1741 ιιίιο-

380 1780 546 1857 δέόεικτιιι,
570 1779 677 1844 ἔπειτα
705 1782 788 1864 μηδὲ
813 1782 869 1843 νῦν
897 1780 951 1842 εἰιό
971 1780 1067 1861 τῆσδε
1088 1778 1143 1859 τῆς
1172 1777 1291 1842 ἐκείνου
1314 1778 1479 1855 κοινωνιάς

335 1882 570 1963 ιοέκλελῆσθαι
592 1882 730 1944 ἐνταῦθα
738 1908 748 1958 ,-
770 1881 854 1964 λέγει
873 1873 940 1964 γάρ
957 1902 1019 1943 rrou
1042 1884 1111 1953 ταῖς
1133 1876 1230 1941 αὐτοῦ
1251 1877 1307 1943 καί
1327 1878 1479 1961 Πρόκλος
1536 1946 1537 1949 ¹
1584 1902 1593 1951 f

378 1982 576 2065 θεολογικαῖς
609 1981 839 2066 ε’μφιλοσοφιόν
870 1980 1090 2057 ἀποδείξεσιν,
1123 1975 1172 2043 ότι
1203 1981 1268 2043 τόν
1288 1977 1322 2043 τό
1345 1979 1479 2061 μετέχον

375 2082 434 2144 τοῦ
456 2078 669 2162 μετεχομένου
692 2079 937 2163 καταδεέστερον
958 2077 1013 2143 καί
1033 2078 1068 2143 τό
1089 2076 1299 2161 μετεχόμενον
1317 2080 1374 2146 τοῦ
1398 2078 1476 2160 ἅμε-

377 2179 511 2245 θέλτοο·
564 2177 599 2244 τό
629 2178 692 2264 γὰρ
722 2179 942 2270 μετέχονιντρό
962 2182 1019 2263 τῆς
1046 2178 1208 2261 μεθέξεως
1230 2179 1335 2256 ἀτελὲς
1357 2176 1401 2257 όν,
1423 2181 1474 2245 τέ-

377 2284 461 2342 λειον
483 2280 518 2345 δὲ
539 2282 579 2366 τῇ
599 2279 728 2362 μεθέξει
750 2279 921 2364 γινόμενον,
945 2278 1171 2361 δεότερόνέστι
1193 2278 1317 2355 πάντως
1338 2282 1395 2344 τοῦ
1415 2302 1474 2362 με-

331 2379 567 2460 ιότεχομένου,
598 2375 681 2442 κσθό
712 2378 832 2444 τέλειόν
852 2381 919 2443 ἐστι
945 2377 1121 2461 μετασχόν·
1172 2375 1191 2444 ό
1213 2380 1274 2464 γὰρ
1298 2378 1404 2453 ἀτελὲς
1425 2373 1473 2462 η’ν,

374 2476 457 2543 κατὰ
477 2481 568 2543 τοῦτο
582 2545 585 2556 ,
599 2480 655 2542 τοῦ
674 2478 940 2560 μετοσχεθέντος,
975 2475 994 2542 ό
1021 2484 1110 2543 ποιεῖ
1125 2476 1244 2542 τέλειον
1266 2477 1351 2555 αὐτό,
1373 2502 1472 2542 κατιε-

376 2577 549 2661 δεέστερον.
589 2575 625 2649 τό
650 2580 684 2642 δὲ
708 2578 936 2660 μετεχόμενον,
959 2576 1042 2652 τινός
1065 2572 1100 2643 όν
1125 2575 1181 2640 uui
1202 2576 1239 2640 οό
1261 2576 1394 2655 πάντων,
1417 2579 1473 2641 τοῦ

375 2666 501 2742 πιόντων
523 2674 610 2754 ὄντος
630 2679 684 2743 xor*
707 2678 744 2741 οὗ
766 2677 851 2754 τινός
872 2680 967 2742 πόλιν
989 2675 1163 2764 ὖφειμένην
1185 2676 1299 2758 ἔλαχεν
1319 2675 1470 2763 ὕπαρξιν·

372 2775 409 2843 τό
426 2778 486 2861 μὲν
504 2776 563 2862 γὰρ
583 2783 630 2865 τρῖ
651 2779 776 2845 πόντων
791 2779 881 2863 αι’νόμ
895 2779 1147 2863 συγγενέστερον,
1170 2778 1203 2843 τό
1227 2780 1261 2842 δέ
1284 2770 1373 2861 ἦττον
1395 2802 1473 2863 συγ-

330 2876 471 2961 ηηγενές.
533 2876 655 2963 ἡγεῖται
684 2877 749 2963 όριι
778 2879 821 2944 τόΧ
847 2880 906 2963 μὲν
940 2878 1114 2962 α’μέθεκτον
1148 2881 1218 2943 τῶν
1243 2875 1471 2962 μετεχομένων,

372 2980 472 3043 ταῦτα
495 2980 531 3042 δὲ
550 2982 614 3044 τοῖν
632 2980 839 3063 μετεχόντων.

469 3075 564 3166 Ὁρᾷς
585 3082 653 3155 πῶς
671 3080 900 3165 καίἮρόιιλος
922 3081 1039 3155 ἐκεῖνος
1066 3076 1084 3143 ό
1105 3086 1171 3155 τοῖς
1204 3078 1347 3155 εἰδώλοις
1369 3096 1536 3165 προσ-ιε

373 3185 518 3261 νεόμενος
535 3187 621 3265 τρεῖς
636 3180 844 3266 παραδίδωσι
858 3182 971 3259 τόξοις,
992 3181 1048 3245 καί
1060 3182 1102 3268 τῇ
1121 3181 1181 3263 μὲν
1201 3164 1309 3271 πρώτῃ
1330 3180 1366 3249 τὸ
1391 3179 1470 3263 όμέ-

374 3428 428 3484 qao
446 3415 511 3468 dens
543 3415 725 3482 recognosci
746 3413 819 3479 ruit,
850 3415 875 3465 ei
894 3415 1012 3468 ostendit
1039 3431 1099 3468 ereo
1121 3414 1469 3483 comprohenribiienrdeo,

375 3488 474 3539 ceteris
494 3485 616 3538 omnibus
637 3486 810 3553 incognitam.
853 3485 971 3539 Paiamas
995 3494 1083 3538 autem
1114 3486 1189 3539 illurn
1212 3502 1310 3539 uocans
1326 3498 1470 3553 apparea.

372 3566 425 3609 terri
446 3558 590 3633 uirtutem,
614 3560 698 3609 sancti
723 3558 881 3608 sententiam
901 3560 1047 3623 pervertit,
1067 3556 1160 3609 doloro
1181 3573 1229 3621 eo,
1249 3572 1301 3624 qno
1320 3572 1374 3609 non
1395 3555 1469 3619 iicet,

373 3628 553 3696 perducendo.
590 3643 680 3679 nonne
699 3629 859 3693 impudentis
877 3638 927 3692 est,
947 3644 1006 3679 cum
1027 3627 1129 3680 Gracco
1148 3627 1197 3679 iilo
1218 3627 1388 3694 i'roclo,.qui
1411 3642 1469 3679 cum

372 3699 482 3751 Platone
501 3700 608 3750 omnino
627 3702 770 3761 consentit,
789 3707 817 3750 ct
834 3701 985 3751 consentire
998 3698 1088 3749 moitis
1106 3698 1167 3750 aliis
1187 3699 1271 3763 locis,
1290 3707 1319 3749 nt
1336 3704 1415 3749 antea
1435 3698 1469 3749 δο

373 3771 430 3821 eiua
459 3769 630 3835 blasphemiis
663 3771 753 3835 primis
784 3771 882 3821 nostris
907 3769 1113 3822 refutationibus
1141 3770 1324 3832 ostendimus,
1353 3768 1414 3820 dein
1433 3783 1469 3819 ne

371 3856 442 3892 nunc
461 3842 565 3909 quidem
587 3841 662 3893 iliius
676 3841 889 3907 participationis
907 3838 1053 3893 oblivisci?
1089 3834 1155 3891 dicit
1175 3841 1243 3890 enim
1259 3840 1368 3891 Procius
1388 3839 1469 3891 theo.

371 3910 469 3979 logicis
493 3928 556 3963 urna
584 3912 875 3981 orgrrorentationibns:
902 3926 980 3963 omne
999 3912 1070 3979 quod
1095 3913 1272 3963 communicet
1288 3927 1348 3962 esso
1366 3912 1468 3977 imper.

372 3982 469 4033 sectius
496 3998 573 4049 quom
592 3983 662 4050 quod
685 3984 913 4046 communicetur,
944 3991 972 4033 ct
997 3984 1023 4035 iri
1052 3983 1122 4049 quod
1141 3984 1364 4045 communicetur,
1390 3997 1467 4050 quarn

372 4053 442 4120 qnod
462 4054 649 4106 communicari
667 4061 793 4120 nequeat.
813 4053 888 4120 quod*
903 4054 974 4104 eninr
993 4054 1174 4105 communicet
1193 4052 1226 4104 ob
1246 4054 1466 4105 communicatio.

371 4138 433 4173 nem
468 4124 650 4188 imperfectum
682 4125 952 4191 perfectumantem
983 4139 1032 4191 per
1062 4124 1327 4176 communicationem
1359 4124 1475 4189 iactum,

372 4195 480 4245 omnino
501 4197 692 4246 communicato
713 4195 855 4245 secundnm
877 4204 932 4258 ert,
950 4203 1081 4263 quatenns
1107 4197 1303 4247 communicans
1318 4196 1465 4261 perfectum

373 4264 500 4333 estquod
522 4267 591 4315 enim
612 4266 794 4332 imperfectum
823 4266 889 4330 fuit,
913 4267 945 4316 ad
966 4266 1033 4317 itluu
1053 4267 1269 4317 communicatum
1290 4268 1359 4332 qnod
1379 4267 1464 4332 iprum

371 4335 519 4400 perfectum
539 4335 639 4399 reddit,
662 4338 846 4401 imperfectum
864 4345 914 4388 est.
934 4338 1004 4403 quod
1021 4338 1227 4389 communicatur
1246 4352 1304 4388 oum
1327 4336 1417 4404 aiiquo
1439 4344 1465 4387 et

370 4420 423 4455 non
443 4422 501 4457 cunr
521 4407 651 4469 omnibus,
672 4409 729 4457 eius
750 4407 820 4474 quod
841 4409 993 4458 universum
1007 4415 1048 4459 eat
1067 4415 1094 4458 et
1113 4422 1167 4459 non
1185 4408 1299 4459 alicuius
1320 4408 1465 4459 subiectam

370 4484 530 4528 consecutus
549 4486 589 4528 cat
610 4479 760 4529 essentiam.
805 4476 856 4529 hoc
884 4480 953 4529 enirn
982 4480 1229 4532 universicausato
1258 4481 1342 4547 magis
1362 4493 1465 4545 cogno.

368 4554 433 4612 turn,
453 4547 520 4601 illud
539 4548 625 4599 minua
643 4557 793 4613 cognatum.
836 4556 954 4615 praestat
972 4550 1055 4617 igitur
1080 4550 1329 4601 incommunicabile
1344 4564 1464 4601 commu.

367 4619 472 4684 nicatis,
494 4620 686 4670 communicata
706 4627 793 4676 autem
812 4621 1079 4672 communicantibus.

466 4707 601 4772 Videsne,
639 4709 770 4775 quomodo
798 4708 909 4772 Procius
935 4710 985 4765 itio
1016 4710 1096 4789 idolis
1126 4711 1246 4765 addictus
1278 4720 1333 4767 trea
1360 4704 1475 4785 propo..¹

456 4805 620 4877 repom
631 4806 742 4879 ωηο.
769 4808 824 4864 roc
836 4808 891 4865 ιιι.
1243 4812 1275 4867 or
