4000 5392
553 580 775 650 nxsronnx
801 579 1061 648 nxzxxnxxx
1079 583 1172 649 xxx.
1197 563 1267 650 tt.
1304 564 1374 649 ta.
1449 569 1523 648 τοι

427 765 499 808 ναι·
543 744 618 808 ου’όέ
642 741 703 828 γόρ
736 743 831 829 φόσει
862 753 927 822 τοῖς
947 742 1113 828 πράγμασι
1145 742 1184 810 τό
1207 743 1360 825 όνόματσ,
1385 743 1440 808 ναό
1458 739 1523 826 μην

424 843 500 908 ου’όέ
524 842 631 930 φόσις,
656 840 736 908 α’λλό
758 841 839 909 κατόι
862 844 1022 930 συνθήκην
1045 843 1099 910 κατ’
1111 846 1302 932 συμφωνίαν
1322 843 1450 925 α’νόροόν
1463 866 1524 906 συ-

423 948 518 1009 νετοόν
533 944 742 1027 ἐπιγίγνονται
761 955 825 1022 τοῖς
843 946 1026 1028 πράγμασιν
1041 944 1074 1012 αἱ
1089 943 1282 1031 σημαντικιιό
1294 949 1356 1010 τοῖν
1375 938 1522 1028 πραγμό-

424 1047 711 1131 τωνπροοηγορίαι
733 1045 810 1111 κατό
834 1045 889 1110 τόν
914 1050 1069 1111 Νυσσαέα
1090 1049 1121 1112 Γ
1119 1047 1274 1130 ρηγόριον.

397 1151 415 1206 5
475 1206 480 1222 ,
521 1150 586 1212 Διί
603 1145 662 1228 γόρ
694 1144 730 1210 ἔκ
763 1171 796 1211 τε
821 1147 890 1211 τεόν
923 1142 1086 1230 ἡμετέρων
1110 1145 1165 1211 καί
1196 1142 1265 1227 όμα
1289 1149 1350 1212 τῶν
1373 1142 1587 1228 θόραθενη

423 1249 544 1331 σοφιόν,
565 1249 725 1332 σόμφωνα
749 1250 975 1333 φθεγγομένων
998 1249 1032 1311 έν
1051 1255 1121 1322 ταῖς
1142 1251 1204 1314 nois
1227 1247 1328 1328 λόγων
1348 1247 1520 1331 έπιστημο-
1531 1258 1550 1312 t.
1559 1257 1642 1314 137τ.

422 1356 523 1424 νικαῖς
553 1345 750 1430 όκριβείαις,
779 1352 820 1436 τῷ
843 1347 969 1429 όμαθεϊ
992 1341 1055 1431 τήν
1073 1348 1282 1432 προπαίόειόν
1303 1370 1351 1412 σοι
1375 1347 1431 1430 τῆς
1451 1370 1520 1412 τοι-

425 1448 523 1531 αότης
546 1445 718 1531 προσάγειν
747 1451 965 1532 διδασκαλίας,
987 1450 1030 1522 σός
1052 1445 1092 1512 όν
1120 1442 1203 1514 οότω
1226 1453 1435 1533 δυνηθείημεν
1458 1450 1519 1528 όψὲ

422 1548 498 1630 γοόν
518 1553 711 1613 καθικέσθαι
732 1555 788 1634 τῆς
810 1553 935 1632 σαθρᾶς
959 1552 1014 1615 καί
1035 1535 1258 1634 α’μαθεστότης
1287 1573 1346 1614 σου
1369 1551 1518 1640 διανοίας.

342 1655 356 1661 ’
382 1647 647 1732 1οτεἴχοςγᾶρὸ
675 1655 774 1733 μέγας
806 1645 894 1716 εἶναι’
912 1677 991 1737 φησι
1020 1657 1191 1726 Βασίλειας
1220 1659 1286 1725 τοῖς
1311 1653 1446 1734 δόγμασι
1467 1654 1520 1732 τῆς

424 1755 486 1814 ταῖν
508 1752 653 1833 θύραθεν
685 1750 858 1836 ἐπιστήμης
887 1753 946 1836 τὴν
968 1749 1114 1834 δύναμιν,
1148 1745 1206 1816 οόιι
1227 1754 1330 1817 έιισαν
1353 1751 1433 1814 αότό
1454 1755 1519 1826 τοϊς

425 1854 631 1930 βουλομένοις
652 1851 798 1917 εόόλωτό
812 1877 846 1918 τε
862 1857 917 1917 καί
937 1851 1158 1936 concinnam
1185 1854 1340 1936 γίνεσθαι.
1382 1850 1435 1914 καί
1456 1844 1520 1914 αό-

424 1953 475 2024 θις
493 1948 509 2013 ό
528 1955 617 2025 θεῖος
643 1952 873 2032 Χρυσόσιομος
888 1947 985 2016 “όταν
1006 1957 1082 2038 περί
1101 1951 1266 2035 όόγματα”
1286 1955 1368 2037 φησί
1381 1950 1479 2037 “νοσῇ
1501 1949 1518 2034 ἦ

427 2048 519 2132 ψυχῆ
542 2047 581 2114 τό
606 2049 698 2134 νόθα,
722 2049 820 2134 πολλῆ
843 2055 901 2116 τσό
923 2048 1017 2135 λόγου
1040 2056 1180 2118 ἐνταῦθα
1207 2051 1352 2135 ἦχρειά,
1378 2052 1418 2113 ου’
1440 2047 1519 2130 πρός

381 2159 414 2214 15
425 2146 482 2232 την
504 2153 566 2213 τοῖν
587 2152 709 2216 οίκείων
733 2150 912 2236 α’σφόλειαν
926 2156 1032 2235 μόνον,
1065 2151 1145 2217 α’λλό
1172 2157 1227 2220 καί
1250 2151 1327 2233 πρὸς
1347 2149 1422 2225 τσός
1441 2147 1518 2228 ἔξω·

424 2254 482 2312 θεν
512 2251 700 2331 τιολέμους.”
751 2256 807 2316 καί
825 2247 921 2330 αὖθις
943 2255 960 2317 ό
985 2259 1073 2329 θεῖος
1097 2253 1247 2333 Μόξιμος
1276 2246 1375 2334 “dign
1396 2253 1519 2332 λογικῆς

423 2347 588 2431 όυνόμεως
610 2352 853 2437 έπιστημονικὴ”
873 2354 955 2440 φησί
966 2349 1103 2436 αγνοόσις
1119 2354 1177 2414 onix
1198 2350 1286 2437 ἔστι,
1307 2350 1362 2414 καί
1375 2348 1517 2432 γναόσειος

422 2455 523 2534 χωρίς
544 2452 584 2514 ου’
601 2459 787 2517 συνίσταται
808 2452 942 2530 πίστις.”
982 2448 1060 2539 όρᾷς
1079 2451 1113 2520 τό
1135 2457 1199 2518 τῶν
1220 2455 1285 2518 σῶν
1305 2452 1518 2536 βλασφημιῶν

423 2550 532 2633 αἴτιον,
565 2548 733 2634 ἄνθρωπε·
786 2557 882 2618 ου’όλν
914 2553 978 2638 γόρ
1006 2553 1114 2637 ἕτερον
1147 2549 1168 2635 ἢ
1194 2545 1318 2626 πόντιος
1352 2550 1370 2634 ἦ
1397 2547 1519 2615 τοότων

379 2645 556 2734 αοόγνοια,
585 2659 665 2737 λέγω
695 2654 735 2738 de}
760 2653 818 2737 τόν
848 2659 909 2719 τοόν
933 2654 1081 2735 θύραθεν
1103 2654 1157 2719 καί
1184 2658 1247 2719 τιόν
1270 2652 1431 2738 ἡμετέρων
1453 2644 1521 2729 όμσ

423 2757 534 2840 σοφιόν
563 2757 618 2819 καί
645 2753 802 2838 θεολόγων
838 2757 963 2837 α’νόροόν
995 2753 1180 2839 ἐπιστήμην.
1230 2748 1268 2839 ἢν
1297 2749 1468 2837 α’γνοοόντό
1485 2773 1521 2816 σε

424 2856 482 2919 νόν
502 2856 588 2938 γαόν·
601 2857 796 2941 διδαχθῆναι
817 2853 921 2943 χρυσόν
942 2859 1098 2940 ἐνταυθοῖ
1114 2861 1188 2942 παρ’
1210 2854 1308 2942 ἡμῶν.
1535 2863 1538 2868 ’

425 3166 576 3220 nominibus
595 3175 622 3220 ot
640 3166 731 3220 serbis
745 3167 830 3233 ntixti,
849 3184 937 3238 neque
951 3169 1021 3222 enim
1033 3151 1134 3240 'gignet
1151 3168 1231 3224 rebus
1249 3171 1356 3223 nomina
1370 3168 1427 3222 ullo
1443 3168 1520 3223 modo

424 3254 459 3290 ns
476 3247 572 3292 notun
589 3240 705 3307 quidem,
724 3240 771 3291 sed
790 3255 824 3291 ex
845 3241 1035 3293 convenientis
1058 3249 1084 3292 ot
1103 3243 1281 3294 consensione
1301 3239 1434 3293 iioxninunx
1453 3257 1520 3308 ρια.

423 3311 676 3447 φρριιφφωφτίοιιατ
702 3311 782 3363 robus
802 3313 910 3364 nomino
939 3328 983 3365 xes
1007 3313 1184 3381 significantis
1202 3314 1354 3365 'secundun
1376 3313 1520 3381 Gregorius

521 3480 569 3532 Est
598 3483 669 3532 enim
696 3494 763 3548 opus
788 3498 803 3534 ο
831 3483 979 3548 sapientum
1007 3481 1052 3548 qni
1081 3479 1148 3546 opud
1174 3495 1223 3530 nos
1250 3487 1276 3530 ot
1303 3479 1372 3545 apud
1392 3487 1518 3548 externos

426 3560 487 3604 sunt
508 3550 781 3604 consentientibns'in
802 3552 937 3604 iitersrnm
959 3550 1106 3602 subtilitate
1124 3551 1202 3602 dictis
1220 3549 1267 3600 tibi
1280 3549 1412 3600 inerudito
1435 3549 1519 3600 nddn.

425 3639 488 3674 cere
508 3624 736 3690 psxepnrstinnesn
751 3624 879 3674 eiusmodi
901 3623 1085 3685 institutionis,
1107 3629 1136 3670 ut
1150 3619 1200 3670 hoc
1216 3619 1294 3671 modo
1309 3620 1439 3686 possimus
1459 3627 1519 3670 tnn-

424 3693 482 3744 ‹iem
510 3693 652 3761 stiqnsndo
677 3702 787 3758 tangore
818 3701 932 3744 mentem
969 3699 1040 3742 tuam
1073 3691 1192 3742 obtusam
1223 3699 1250 3742 nt
1277 3691 1518 3743 ineruditissimnm.

424 3779 524 3815 mosum
543 3767 612 3815 enini
633 3767 782 3833 dogmatum
801 3764 916 3816 Basilius
935 3777 1045 3831 mugnus
1066 3777 1125 3813 esso
1146 3762 1210 3813 dicit
1229 3770 1397 3813 externorum
1417 3761 1518 3812 doctri.

424 3849 474 3886 nne
494 3837 564 3900 νίοι,
584 3850 653 3903 quae
672 3851 726 3887 nnn
745 3837 815 3887 sinat
833 3851 864 3887 es
890 3851 904 3886 n
924 3833 1046 3903 quotibet
1071 3834 1201 3900 exagitari
1221 3841 1247 3884 et
1271 3833 1360 3898 diripi,
1382 3841 1408 3883 et
1428 3845 1537 3883 rursus¹

425 3905 630 3972 chrysostomus
657 3907 773 3958 divinus.
817 3923 875 3957 cum
903 3923 936 3958 ex
960 3905 1105 3973 dogmatis,
1137 3905 1239 3973 inquit,
1268 3911 1390 3970 aegrotat
1416 3905 1517 3954 animus

425 3979 533 4043 spuriis,
553 3984 607 4028 tum
628 3993 740 4046 magnus
759 3977 894 4029 litessrusn
917 3985 957 4028 est
977 3990 1055 4040 usus,
1081 3991 1134 4028 non
1162 3975 1248 4027 solum
1268 3983 1359 4026 contra
1379 3973 1518 4025 intinniitn-

425 4055 477 4098 tssn
496 4047 667 4100 domesticum
687 4049 733 4099 sod
754 4050 831 4100 etism
852 4057 944 4100 contro
964 4047 1093 4099 tumultus
1113 4055 1256 4099 externos:
1278 4053 1305 4096 et
1323 4059 1413 4096 rursus
1432 4043 1517 4094 ninxi-

424 4133 481 4170 mus
500 4119 627 4184 divinus,
656 4121 714 4171 sins
734 4119 869 4170 literarum
898 4121 942 4182 si,
961 4119 1064 4186 inquit,
1082 4132 1136 4169 non
1155 4121 1240 4169 oritus
1258 4130 1324 4168 vern
1343 4116 1472 4185 cognitio,
1492 4118 1519 4163 et

424 4191 484 4240 sino
503 4191 659 4258 cognitione
674 4205 727 4242 non
747 4192 871 4241 consistit
888 4191 963 4241 fldes.
983 4210 987 4216 ·
1012 4189 1087 4239 vides
1107 4190 1157 4240 inin
1182 4187 1397 4239 moledictionuns
1416 4193 1517 4236 tunsum

424 4275 540 4326 cnutoni,
559 4262 654 4325 smice,
675 4261 727 4312 siis
747 4263 817 4312 enim
841 4269 880 4311 est
898 4260 973 4311 nutis
998 4274 1074 4327 quani
1099 4261 1206 4311 omnino
1232 4259 1382 4328 ignorantia
1398 4256 1517 4318 iliorum,

424 4331 484 4382 dico
506 4334 629 4384 nimirum
649 4333 766 4383 virorum
787 4334 831 4400 qni
850 4332 920 4398 opud
939 4338 1064 4382 externos
1086 4338 1112 4381 et
1131 4331 1199 4398 apud
1223 4344 1272 4382 nos
1291 4337 1352 4381 sunt
1370 4329 1518 4394 sapientum

425 4409 452 4453 st
474 4404 502 4454 in
531 4406 575 4454 res
602 4403 705 4454 divinus
731 4405 918 4471 inquirentium
944 4403 1105 4465 doctrinam,
1132 4418 1209 4472 quum
1237 4415 1295 4453 cum
1320 4402 1429 4470 ignores
1447 4411 1518 4449 nuno

423 4471 518 4530 sutton
539 4474 677 4529 edocentis
694 4489 808 4528 necesso
828 4482 869 4526 est
895 4474 939 4526 hio
958 4470 1076 4526 anobis.
