4000 5392
516 603 738 673 nis-ronna
765 602 1026 707 mmmmm
1038 605 1158 672 mv.
1179 586 1368 673 ot-to.
1425 591 1501 673 ενι

399 766 503 849 στόμα
525 767 719 851 ζδιανοῖξαι,
755 763 837 829 άλλά
870 766 959 851 φόβῳ
991 763 1129 853 μεγιῦτφ
1163 763 1414 850 καταπλαγέντες
1432 764 1499 843 ἐξὲ-

308 930 309 933 ,
402 865 550 953 στησαν”.
1591 936 1597 951 Ι

496 956 662 1032 Ἐνταῦθα
679 969 735 1034 καί
756 969 784 1033 εἰ
805 967 966 1056 βασκανίᾳ
988 967 1123 1048 κάτοχός
1142 991 1190 1043 τις
1211 963 1260 1050 εἴη
1272 1014 1281 1045 ,
1304 966 1359 1031 καί
1380 968 1410 1031 εἰ
1433 992 1497 1049 μα-
1510 986 1565 1039 ιο

402 1071 481 1153 κράς
502 1068 652 1153 εὐηθείας
677 1069 801 1152 μεστός,
825 1070 943 1147 πάντας
966 1065 1005 1135 ἄν
1023 1092 1080 1150 μοι
1096 1070 1187 1133 δοκεῖ
1204 1070 1260 1151 τῆς
1281 1067 1407 1154 γνοόμης
1427 1069 1500 1150 ἐμοὶ
1581 1145 1585 1158 ἱ

375 1178 572 1247 οκοινωνεῖν,
594 1171 831 1253 μεταθεμένους
860 1170 895 1235 τό
934 1166 1080 1255 άγνωμόν
1100 1192 1135 1235 τε
1154 1170 1209 1233 καί
1231 1170 1341 1255 δόσερι
1363 1169 1442 1253 πρός
1464 1193 1499 1255 γε

400 1269 436 1337 τῦ
456 1270 535 1355 μήτε
553 1272 696 1347 πλειόνος
722 1271 802 1355 μήτε
832 1273 977 1355 μείζονος
1002 1268 1074 1355 μήτ’
1109 1268 1338 1354 ἕναργεστέρας
1369 1272 1498 1334 δεῖσθαι

401 1371 601 1455 μαρτυρίας,
635 1368 684 1435 ότι
713 1376 777 1437 τοῦν
811 1375 868 1437 τοῦ
892 1374 1037 1455 Χριστοῦ
1068 1371 1246 1455 θαυμάτων
1278 1370 1313 1435 ἓν
1335 1370 1391 1435 καί
1409 1370 1445 1435 τό
1465 1373 1499 1435 ἐν
1515 1376 1629 1439 [wit.

406 1470 566 1559 Θαβωρίιμ
600 1473 770 1555 δειχθῆναι
791 1474 869 1558 φοῦς.
923 1470 1010 1554 ὅμως
1032 1473 1122 1537 δυοῖν
1143 1472 1298 1537 ἐνταυθοῖ
1315 1472 1498 1556 διειλημμέ-

402 1594 465 1635 νων
479 1574 626 1655 μεγάλων
647 1575 703 1637 τοῦ
714 1576 858 1658 Χριστοῦ
880 1573 1065 1655 θαυμάτων,
1089 1569 1110 1654 ἢ
1131 1571 1288 1647 κατ’,δυοῖν
1309 1553 1408 1657 ἐχρῆν
1421 1576 1499 1640 Πα-
1544 1624 1549 1629 .

359 1674 491 1752 ιολαμῦ
511 1669 567 1755 τῆν
588 1670 795 1758 λατρευτικῆν
829 1672 997 1755 ἀπονέμειν
1026 1672 1240 1758 προσκόνησιν
1271 1669 1315 1747 ιῦς
1343 1671 1500 1749 άκτίστοις

402 1771 560 1855 θεότησιν,
581 1772 634 1837 ἵνα
655 1776 767 1854 μεῖζον
795 1774 851 1838 καί
883 1773 1104 1861 φανερώτερον
1132 1768 1155 1862 ῆ
1186 1772 1221 1839 τό
1250 1774 1423 1857 νεμόμενον
1444 1776 1499 1857 τῆς

403 1872 501 1937 αῦτοῦ
519 1874 643 1951 κακίας,
664 1872 685 1959 ἢ
707 1874 844 1960 θατέρῳ,
868 1877 915 1961 sigi
935 1878 1059 1957 μείζονι
1080 1874 1203 1960 δηλαδῆ
1225 1878 1280 1940 καί
1301 1872 1498 1960 ῦψηλοτέριμ.

403 1974 437 2037 εί
453 1975 489 2039 δὲ
506 1976 597 2039 τοῦτο
620 1976 731 2059 μηδείς
762 1978 898 2061 μηδαμῆ
918 1999 968 2039 πω
996 1961 1183 2059 τετόλμηκεν
1201 1974 1268 2041 οὔδ’
1292 1976 1337 2051 εἷς
1356 1976 1431 2039 νοῦν
1451 1975 1496 2038 εῖ-

402 2073 539 2159 ληφέναι
569 2070 728 2160 τρόφιμος
750 2070 941 2158 'ecciesiae‘
954 2076 1010 2140 καὶ
1032 2074 1101 2158 άμα
1132 2076 1282 2153 παιδείας
1303 2075 1499 2159 εόσχῆμονος

361 2173 488 2254 λδέχων
521 2173 683 2258 ἡλικιῶτιν
717 2175 880 2253 διάνοιαν,
912 2178 975 2239 ποῦ
996 2176 1119 2241 δίκαων
1139 2184 1205 2252 τοῖς
1224 2199 1258 2240 τε
1280 2173 1498 2256 είκανομάχοις

388 2276 535 2352 ,ἐκείνοις
554 2275 610 2340 καί
639 2275 705 2359 ἅμα
726 2279 767 2362 τῆ
787 2277 841 2365 νὲηι
862 2277 958 2361 ταότῃ
975 2278 1047 2341 ’τοῦ
1066 2269 1224 2359 ΠαλαμάΙ
1237 2276 1378 2361 φάλαγγι
1396 2298 1497 2360 προσ-

404 2376 488 2456 έχειν
515 2373 570 2441 τόν
599 2378 673 2440 νοῦν
703 2374 875 2457 όπωσοῦνς
909 2369 955 2453 οἷς
985 2375 1088 2440 πάντα
1119 2377 1179 2458 μὲν
1210 2375 1313 2451 ἀδεοῦς
1343 2377 1497 2457 τολμῦται

404 2482 505 2560 λέγειν
522 2474 563 2541 τόι
581 2476 740 2561 χείριστα,
761 2476 885 2545 πάντων
909 2479 938 2541 δ’
961 2470 1019 2542 civ
1039 2476 1179 2559 μάλιστα
1201 2474 1312 2559 θεΐκῆν
1331 2474 1499 2557 ἀπονέμειν
1509 2488 1566 2539 ω

403 2576 553 2659 λατρείαν
574 2580 619 2661 τῷ
639 2579 697 2641 τοῦ
719 2578 752 2641 ἐν
780 2577 941 2663 Θαβοορίῳ
964 2576 1132 2658 θαδματος
1154 2599 1252 2662 φατι,
1274 2578 1331 2641 καί
1353 2574 1499 2640 άνοόσων

357 2674 483 2743 λθαότό
504 2678 644 2758 νομίζειν
668 2676 803 2761 θεότητα
825 2674 999 2762 όφειμένην
1020 2675 1075 2740 καί
1098 2675 1322 2740 άνυπόστατον.
1364 2674 1422 2757 ἐμὲ
1440 2674 1500 2755 μὲν

402 2774 464 2861 γάρ
486 2777 642 2840 ἐνταυθοῖ
658 2778 826 2860 Παλαμᾶς
854 2773 981 2861 εῦρῆσει
1010 2776 1170 2858 πολέμιον,
1192 2775 1248 2840 καί
1267 2773 1386 2860 γλιόττῃ
1410 2773 1498 2859 πάσῃ

403 2876 459 2940 καί
479 2876 603 2957 βίβλοις
626 2874 716 2952 όλαις
735 2876 795 2953 άεί,
817 2872 877 2940 κάν
897 2874 942 2959 μῆ
963 2874 1126 2959 βούληται,
1149 2878 1286 2961 σιγῶντα
1300 2877 1329 2940 δ’
1352 2870 1408 2939 σόν
1429 2872 1498 2937 οόδ’

325 3008 327 3011 ·
404 2972 459 3039 ἐὰν
480 2974 642 3060 βοόληται.
683 2971 844 3060 ἦπολλοῦ
874 2975 958 3059 μόντ)
985 2972 1023 3040 όν
1053 2976 1174 3060 δεήσειε
1193 2977 1396 3061 βαρβαρικῆς
1418 2975 1498 3039 cino-

402 3076 492 3150 νοίας
527 3068 608 3141 εἶναι
637 3078 746 3165 μεστιῆ
766 3078 884 3141 πολλοῦ
915 3078 944 3140 δ’
979 3074 1017 3140 όν
1047 3079 1223 3155 πολυθεΐας
1245 3074 1331 3157 ἔχειν
1350 3072 1386 3140 τό
1399 3067 1498 3159 ,ἦττον

403 3356 474 3395 nnnc
490 3353 526 3392 no
544 3338 619 3408 loqui
642 3340 748 3408 quidem
768 3338 840 3393 utini
860 3347 968 3407 poterat
988 3338 1199 3408 discipulorum,
1217 3354 1311 3409 neque
1328 3352 1360 3393 os
1382 3339 1497 3408 spernas,

402 3414 452 3467 sed
467 3420 540 3465 metu
558 3413 671 3465 maximo
692 3410 808 3479 percolui
829 3419 912 3463 erant.

512 3506 562 3561 Ubi
585 3508 634 3559 etsi
655 3508 715 3575 quis
735 3507 852 3558 invidiae
871 3507 906 3558 sit
924 3506 1044 3559 sddictns
1065 3514 1111 3558 ant
1129 3504 1225 3574 plenas
1241 3505 1342 3558 nimias
1365 3504 1498 3572 simplici.

406 3580 468 3631 tntis
487 3593 578 3630 omnes
597 3587 683 3630 tamen
703 3580 861 3629 sententiam
886 3594 941 3629 eam
961 3594 1063 3629 mecum
1082 3578 1319 3629 communicaturos
1346 3584 1419 3644 puto.
1460 3578 1498 3630 its

405 3659 435 3702 nt
453 3650 557 3701 anbiata
580 3651 729 3701 temeritate
749 3657 776 3700 et
793 3648 882 3715 litigio
898 3646 954 3701 'non
972 3648 1085 3715 amplias
1104 3663 1170 3714 ορατ
1188 3649 1224 3699 sit
1242 3649 1342 3698 maiore
1364 3654 1391 3698 et
1409 3651 1497 3698 mant.

407 3722 518 3773 icatiorc
540 3728 713 3788 argumento,
737 3735 790 3788 qno
810 3718 994 3773 interemisti
1014 3718 1143 3770 mimcnio
1161 3718 1322 3771 numeranda
1340 3732 1401 3769 esne
1418 3719 1496 3770 etiam

407 3790 455 3843 lux
473 3791 522 3842 iiis
541 3792 567 3841 in
587 3791 691 3841 Thabor
709 3791 914 3843 domonstretnc.
961 3804 1116 3859 quamquam
1146 3805 1223 3857 qnnm
1254 3791 1305 3841 dno
1334 3804 1429 3856 magns
1459 3790 1496 3841 ibi

407 3862 507 3915 Christi
527 3860 653 3912 miracula
674 3870 784 3913 tractata
804 3870 902 3924 essent,
922 3870 967 3913 aut
985 3860 1085 3911 duabus
1102 3875 1215 3912 necesse
1230 3867 1287 3912 erat
1298 3861 1499 3911 mentionem

407 3931 538 3983 vindicari
559 3931 681 3983 Petamne
700 3933 826 3983 increatis
846 3931 996 3994 deitatibus,
1017 3932 1090 3982 itant
1107 3932 1190 3982 maior
1205 3938 1232 3982 et
1249 3932 1415 3983 manifestior
1433 3946 1496 3998 ρττ.

407 4002 498 4053 vitatis
518 4002 575 4053 eins
594 4003 739 4054 vindicatio
758 4011 839 4065 esset,
861 4001 994 4054 anteiteri
1007 4003 1099 4053 maiori
1117 4010 1144 4053 et
1160 4003 1303 4068 superiori.
1341 4004 1411 4071 qnod
1430 4016 1496 4055 vero

408 4072 430 4123 si
450 4086 528 4122 nemo
549 4087 661 4139 unquam
682 4081 792 4125 conatus
814 4080 854 4123 eet
872 4074 899 4123 in
918 4075 1032 4124 animum
1043 4074 1179 4136 inducere,
1199 4075 1298 4141 quippe
1317 4075 1432 4126 nntritns
1450 4089 1497 4125 re.

406 4142 510 4209 ligione
530 4150 557 4193 et
575 4144 710 4210 praeditus
730 4158 793 4195 sana
812 4146 898 4194 bonae
917 4146 1074 4196 eruditionis
1087 4145 1216 4208 seientia,
1238 4159 1299 4195 num
1323 4159 1436 4212 aeqnnm
1457 4152 1497 4197 est

407 4213 588 4266 iconomachis
606 4214 660 4264 iilis
680 4223 707 4265 et
725 4228 812 4265 novoe
832 4215 893 4265 hnic
913 4214 1035 4267 Palamno
1059 4216 1133 4282 genti
1151 4224 1265 4266 mentem
1279 4216 1431 4279 advertere,
1451 4216 1497 4284 qni

407 4292 434 4337 et
454 4286 542 4336 omnia
561 4285 668 4351 impune
688 4288 786 4337 audent
803 4288 917 4352 pessimo
937 4286 1012 4355 ioqni
1043 4294 1070 4337 et
1087 4288 1202 4337 omnium
1228 4288 1357 4338 meximae
1381 4287 1497 4339 divinam

345 4374 346 4377 ’
405 4357 607 4410 venerationem
627 4357 668 4407 iiii
687 4358 714 4408 in
735 4357 838 4408 Thabor
862 4358 983 4411 miraculi
1003 4357 1057 4409 inci
1076 4358 1214 4409 vindicare
1245 4366 1271 4410 et
1298 4356 1497 4410 inessentialem

405 4427 505 4481 habere
523 4428 648 4480 deitatem
668 4427 740 4481 iliam
760 4428 905 4480 subiectam
931 4437 959 4481 et
983 4427 1224 4481 insubstantialem.
1266 4444 1310 4482 me
1336 4428 1445 4498 quidem
1468 4427 1497 4479 in

404 4500 432 4553 in
452 4499 503 4573 Ιιηο
524 4514 554 4551 τε
575 4498 677 4551 videbit
700 4498 801 4599 hostem
822 4507 849 4551 et
866 4502 937 4553 omni
956 4514 1080 4555 sermono
1100 4507 1128 4552 ct
1149 4501 1253 4555 cunetis
1273 4499 1365 4567 libris,
1392 4499 1497 4552 etimi

1345 4730 1361 4781 t
