4000 5392
567 591 799 670 malumus
828 571 1327 657 premarinum.
1453 579 1502 656 νο

397 752 471 835 πρός
506 751 677 834 ἰδιωτικὴν
707 753 854 837 α’φωνιόν
871 749 904 830 ἐξ
924 751 1069 832 ίμαθίας
1101 753 1227 834 μακρός
1246 739 1515 831 σοστελλόμενονς

398 852 476 916 α’λλοὶ
495 855 696 944 πρακτικαῖς
719 850 836 936 όρμαῖς
860 855 892 928 ἐς
912 849 946 916 τό
970 846 1053 915 πάνυ
1076 876 1107 916 τι
1125 853 1259 931 ἐμμελὲς
1290 850 1420 937 εόφοαῖς
1437 873 1503 928 πως

399 954 696 1036 ἀναρρωννύμενον.
718 953 757 1018 τό
772 961 800 1018 τ’
817 947 874 1017 σόν
888 949 969 1018 ἄλλα
980 951 1115 1034 τοῖνόρός
1129 951 1295 1031 ἐθαύμαζε
1306 954 1504 1036 μεμνημένος

400 1053 530 1135 τἰιείνον,
553 1057 610 1120 καί
632 1047 677 1119 ότι
696 1056 731 1119 τό
754 1052 880 1119 οἴεσθαι
897 1056 1016 1119 εἰδέναι
1035 1057 1162 1127 πολλοίς
1177 1055 1234 1116 ναί
1252 1054 1316 1115 τοόν
1335 1053 1428 1116 ouillo
1450 1052 1505 1116 ul-

379 1155 540 1237 5οχόντωτ
562 1153 643 1236 τορός
655 1177 691 1236 γε
705 1153 740 1218 τό
763 1156 880 1220 etitem
903 1157 1050 1237 γίνεσθαι
1069 1151 1216 1232 ίμποδοόν
1235 1148 1332 1242 ἔλεγε,
1354 1155 1409 1215 ναί
1419 1155 1501 1218 τοῦτ’

402 1251 481 1319 είναι
502 1255 631 1330 πόντος
658 1249 675 1317 ό
703 1255 818 1337 μικρόν
843 1247 925 1318 εἶναι
954 1255 1069 1325 δοκοῦν
1088 1252 1212 1335 μεγάλα
1240 1255 1296 1317 ναί
1322 1249 1428 1327 πόλεις
1449 1256 1504 1316 ναί

402 1351 505 1428 οἴνους
527 1352 663 1426 δύναται
678 1355 847 1435 βλάπτειν,
875 1351 917 1428 οός
946 1355 979 1418 όν
998 1356 1138 1436 βραχέος
1159 1347 1344 1434 σπινθῆρος
1357 1347 1503 1434 α’ρχόμε-

404 1479 474 1536 νον,
497 1447 597 1517 οόιτό
620 1455 789 1535 νεμόμενον
812 1454 868 1518 σόα
898 1447 938 1518 όν
960 1475 1033 1518 ποτε
1062 1457 1158 1536 σταίη
1193 1455 1248 1534 τῆς
1278 1448 1330 1515 ἆεί
1358 1473 1506 1536 νεωτερι-

404 1554 517 1638 ζαόσης
543 1553 662 1639 φλογός
681 1557 885 1638 κινουμένης,
915 1551 1008 1618 όπότε
1033 1555 1191 1637 τραπέζης
1212 1550 1376 1636 ῥασεοόνην
1408 1550 1504 1635 ἧτῆς
1586 1610 1589 1614 ,

325 1717 329 1727 ,
368 1649 479 1739 mim<
500 1656 616 1720 δίδωσι
637 1660 834 1720 πολυτέλεια.
877 1658 1024 1721 ἐντεῦθεν
1049 1651 1124 1736 όρια
1150 1650 1338 1741 ῥιπτοῦνται
1362 1654 1506 1734 πατρίων

403 1755 550 1833 κανόνων,
575 1759 748 1818 ποιοῦνται
762 1753 888 1836 θεσμό,
916 1759 971 1820 καί
1001 1754 1068 1820 σόον
1082 1753 1167 1819 ἔστιν
1191 1754 1285 1816 ον’όόν
1316 1749 1379 1818 miv
1399 1757 1505 1818 ναλοόν

307 1917 311 1930 ,
406 1849 580 1918 όόόναται
600 1861 706 1935 μόνειν
728 1850 848 1934 ἓσταός,
872 1856 928 1921 καί
949 1849 991 1920 ool
1016 1854 1074 1921 τόν
1094 1853 1179 1920 ἔστιν
1198 1852 1293 1918 ον’όὲν
1314 1857 1378 1916 τῶν
1400 1855 1504 1918 νανοόν

405 1952 422 2018 ό
443 1955 488 2038 μὴ
512 1953 650 2020 tirum
673 1954 733 2040 τήν
755 1956 910 2042 otiosam
927 1960 1143 2042 ἐξορχεῖσθαι.
1184 1959 1347 2038 μοναρχία
1367 1958 1429 2035 μὲν
1449 1946 1506 2018 σόν

406 2053 539 2139 οίόσεως
561 2056 734 2148 αότονομίρτ
757 2063 1012 2143 σερατνργουμένη
1039 2059 1095 2121 ναί
1112 2055 1237 2139 μνοόμης
1259 2057 1381 2138 ίρόξεσι
1402 2057 1508 2139 όρμα-

369 2162 588 2242 λόγωγοομίνη
613 2158 648 2222 εί
664 2162 725 2237 μὲν
748 2153 786 2221 όν
819 2165 881 2224 τιόν
907 2157 1115 2242 ὑγιαινόντων
1144 2153 1335 2241 ε’ργόσαιτο,
1368 2158 1449 2229 τίνος
1478 2156 1508 2217 δ’

406 2258 573 2348 οἶαίσχοιί
605 2254 646 2323 όν
675 2263 738 2322 ταῖν
760 2261 968 2343 ε’ρεθιζόντων
997 2259 1051 2324 ἐπί
1071 2255 1111 2322 τό
1132 2262 1250 2341 χοίρως
1281 2258 1399 2321 πολλοῦ
1418 2256 1507 2335 μέντ’

406 2349 444 2422 όν
469 2356 595 2442 deporto
615 2355 779 2436 σιόζεσθαι
799 2356 1038 2444 τὴνπολιτείαν
1067 2360 1196 2443 ίντίνρν,
1217 2358 1273 2421 ναί
1291 2355 1337 2441 μή
1359 2352 1507 2433 καθάπερ

406 2459 613 2542 ἀκυβέρνητον
646 2465 754 2523 πλοῑον
776 2461 970 2533 διαποντίοις
990 2464 1128 2542 χττμοόσι
1162 2457 1239 2540 πρός
1260 2455 1333 2532 τοός
1354 2454 1509 2540 όσχότοος

407 2555 571 2634 νινδόνοας
592 2555 804 2641 ίλαόνεσθαι,
826 2563 918 2624 τοῦτο
933 2560 970 2644 δὴ
993 2560 1029 2624 τό
1051 2565 1106 2643 τῆς
1119 2561 1304 2637 Βυζαντίων
1324 2556 1406 2623 ἴδιον
1427 2549 1511 2623 όνω-

372 2657 519 2735 λλθτνιός
539 2658 580 2723 τό
601 2657 701 2722 πολλὰ
726 2661 897 2734 πολιτείας.
943 2665 998 2724 καί
1014 2660 1071 2723 oria
1093 2661 1238 2738 ὀνειδίζω
1253 2660 1351 2742 λόγων
1373 2654 1430 2735 τός
1450 2657 1510 2727 ον’,-

410 2784 468 2842 χας
491 2760 611 2844 όπλοός,
634 2758 704 2824 ἀλλ’
726 2754 774 2824 ότι
798 2759 850 2824 διό
874 2762 968 2826 τοῦτο
990 2763 1045 2824 καί
1065 2764 1191 2835 πλείους
1213 2764 1402 2837 σκοποῦντος
1424 2753 1511 2824 όνω-

411 3047 488 3100 τιλιλο
507 3044 689 3100 admirabatur
713 3046 747 3104 ob
765 3047 1060 3116 naturalisprutlentiae
1079 3049 1183 3116 copiam
1202 3063 1261 3100 eum
1280 3048 1413 3117 pravitate
1430 3055 1511 3117 atque

413 3119 559 3172 eonrtmtia
586 3119 775 3184 coniunctum,
800 3125 830 3170 ut
853 3133 908 3170 non
935 3119 1017 3172 iaoiie
1041 3119 1074 3172 ai
1098 3120 1312 3186 intempestivam
1340 3120 1511 3173 ambitionem

414 3188 624 3258 compelleretur
642 3205 730 3257 neque
748 3204 814 3241 vero
834 3189 867 3241 ud
886 3189 976 3242 rudem
997 3191 1127 3259 quandam
1146 3199 1226 3260 utque
1245 3189 1373 3243 incultum
1396 3193 1510 3244 troitus-

411 3263 518 3314 nitatem
536 3269 788 3330 proptermagnem
808 3262 941 3313 inscitiam
960 3262 1150 3325 demiteretur,
1170 3262 1216 3314 sed
1234 3277 1322 3313 rerum
1349 3277 1399 3313 neu
1418 3263 1509 3315 irma-

413 3341 451 3384 un
469 3333 687 3384 convenientium
707 3331 835 3400 quandam
860 3332 996 3385 admodum
1022 3335 1146 3386 decorum
1170 3347 1234 3399 prae
1262 3349 1302 3384 se‘
1316 3334 1407 3384 lerret.
1453 3349 1513 3384 mo.

416 3407 482 3455 xime
502 3417 582 3466 aero,
602 3417 681 3470 quum
701 3402 780 3454 buius
800 3405 851 3454 viri
870 3403 1032 3455 mentionem
1052 3404 1164 3468 laceret,
1184 3403 1236 3454 boe
1253 3404 1353 3454 dietum
1380 3403 1439 3454 eius
1463 3404 1512 3455 sd.

415 3473 571 3526 mirabaturz
590 3472 681 3524 multis
700 3473 850 3525 hominihus
870 3475 957 3542 iisqne
976 3474 1078 3543 alioqui
1096 3490 1151 3527 uon
1175 3474 1514 3543 imprudentissimis,quotl

416 3562 442 3596 se
459 3549 531 3598 seire
554 3545 757 3608 arbitrarentur,
778 3545 803 3596 id
823 3546 918 3611 iprum,
938 3547 1079 3614 quominus
1097 3548 1208 3608 scirent,
1229 3545 1417 3611 impedimento
1437 3560 1513 3608 οντες

417 3616 464 3668 boe
482 3616 589 3685 quidem
609 3615 673 3667 leve
693 3617 789 3679 videri,
808 3624 924 3667 attamen
943 3631 1037 3684 magna
1057 3616 1223 3669 incommoda
1242 3623 1269 3666 et
1288 3614 1395 3667 urbibus
1415 3624 1443 3667 et
1461 3615 1512 3667 do.

417 3688 497 3739 mibns
517 3687 655 3738 lacessere
674 3700 754 3752 posse
773 3686 858 3738 ueluti
878 3693 905 3737 et
924 3686 1073 3739 scintillula
1092 3695 1222 3751 exortum,
1243 3701 1311 3755 quaa
1330 3688 1513 3739 incendium.

418 3774 465 3826 qne
484 3757 662 3809 insolentiore
682 3760 844 3809 exsuscitem
863 3771 916 3808 nou
936 3757 1074 3809 desineret
1091 3760 1179 3810 omnia
1197 3757 1352 3825 depascere,
1371 3757 1450 3810 simul
1470 3766 1514 3810 et.

418 3845 465 3897 que
484 3829 612 3880 materiae
642 3827 716 3895 larga
740 3831 817 3896 copia
845 3827 925 3879 senile
952 3829 1140 3880 nutrimentum
1166 3826 1387 3881 subministraret.
1424 3830 1513 3895 „indm

419 3901 510 3967 inquit,
529 3898 642 3967 regulae
661 3907 741 3965 atque
760 3913 869 3951 normae
887 3914 903 3949 a
921 3900 1040 3966 patribus
1060 3901 1220 3952 constitutae
1239 3901 1417 3964 disiioiuntur,
1436 3899 1513 3970 leger

420 3970 607 4038 proculcantur
630 3969 753 4037 nihilque
774 3979 815 4022 est
834 3969 897 4021 boui
915 3978 995 4038 atque
1015 3971 1140 4034 honesti,
1159 3971 1230 4038 quod
1248 3986 1297 4022 suo
1317 3979 1386 4023 statu
1405 3986 1513 4023 manere

420 4043 518 4108 possit,
537 4041 606 4092 nibil
630 4040 694 4092 mali
720 4049 799 4109 utque
825 4040 938 4106 improbi
966 4042 1037 4110 quod
1065 4042 1205 4093 veritatem
1233 4041 1363 4094 insultare
1387 4049 1512 4109 αοοαοαλ.

421 4127 529 4181 regnum
549 4113 633 4180 igitur
652 4113 788 4177 opinionis
807 4110 917 4162 licentia
935 4112 1110 4179 gubernatum
1131 4111 1433 4164 etarbitriilibidiuibur
1451 4114 1513 4182 agi-

422 4191 499 4236 tetum
516 4213 552 4226 -
570 4184 634 4251 quid
655 4182 726 4248 frugi
746 4180 849 4234 faciet?
867 4197 918 4249 qua
936 4199 966 4234 re
984 4181 1140 4246 abstinebit,
1160 4198 1228 4249 quse
1245 4182 1278 4232 ad
1296 4183 1388 4247 peiora
1402 4183 1514 4234 iucitrro

422 4253 524 4320 possiti
545 4260 646 4305 tuntum
666 4251 752 4317 abest,
775 4261 804 4305 ut
819 4250 880 4303 talis
901 4254 995 4305 civitas
1015 4253 1090 4304 salvs
1110 4260 1191 4321 utque
1208 4250 1350 4303 incolumis
1370 4267 1429 4302 esre
1448 4267 1515 4320 pos.

425 4327 465 4389 sit,
480 4333 509 4377 ut
528 4323 616 4376 veluti
635 4323 714 4375 uaris
732 4324 790 4376 sine
812 4323 992 4389 gubernatore
1012 4324 1092 4375 maris
1119 4320 1321 4390 tempestatibus
1345 4321 1372 4372 in
1397 4329 1515 4376 extrema

428 4396 577 4448 discrimina
599 4393 803 4463 praecipitetur.
825 4393 890 4445 bueo
909 4409 975 4446 vero
994 4394 1104 4462 propria
1123 4402 1164 4445 ost
1183 4391 1300 4444 conditio
1324 4392 1441 4447 ciuitatis
1459 4394 1516 4462 Bp.

428 4465 546 4519 mutinae
564 4466 630 4519 inde
648 4478 735 4529 usquo
760 4481 795 4516 ex
819 4465 1001 4532 superioribus
1027 4464 1200 4532 temporibus.
1242 4476 1331 4532 neque
1356 4477 1422 4518 vero
1448 4465 1517 4521 buno
