4000 5392
574 592 796 665 uismuisu
821 575 1078 666 eustosinus
1107 597 1200 660 xxx.
1220 574 1403 664 tta-es.
1470 587 1545 659 313

445 750 485 844 ἦν
507 757 562 824 καὶ
592 754 699 844 ἔσται,
728 757 803 831 θεός
834 755 968 839 ἰσχνρός
990 758 1111 830 δίκαιος
1141 747 1301 836 όκτιστος,
1330 751 1466 839 α’λὴθεια
1491 776 1544 820 σο-

447 864 507 946 φιά
529 859 666 938 δόναμις
688 855 752 942 ζωη
774 859 843 944 φοός
867 859 1009 940 ε’νόργεια
1030 862 1084 922 καιΙ
1103 854 1140 920 τό
1163 853 1303 925 τοιαῦτα.

507 960 633 1039 Ἐπείγε
644 955 708 1040 μην
720 960 756 1022 ἐκ
769 960 831 1024 τοόν
844 959 965 1023 οἰκείων
978 953 1130 1041 ῥημάτων
1146 980 1177 1022 τε
1193 958 1249 1020 καί
1260 959 1454 1038 γραμμάτων
1471 953 1545 1024 ἁλι·
1555 981 1611 1034 Μ
1639 949 1646 958 ’

446 1061 599 1142 σκόμενον
622 1057 637 1122 ό
657 1061 822 1139 Παλαμός
842 1054 954 1123 ἑαυτόν
973 1051 1059 1143 ἓοόρα
1078 1059 1237 1141 διηνεκῶς,
1253 1053 1333 1120 “οίκ
1353 1059 1386 1122 όν
1407 1056 1548 1142 niuno?

422 1161 556 1248 δ’φησίν,
574 1156 666 1224 “οόδ’
686 1153 792 1233 όνιλοός
811 1162 845 1222 δν
864 1156 1064 1242 γράμμασιν,
1086 1151 1155 1222 ἄλλ’
1176 1159 1209 1220 ἐν
1231 1152 1413 1240 πρόγμασιν
1425 1157 1546 1242 ἡμιόνῆ
1607 1207 1609 1214 1

446 1261 594 1340 εόσόβεια
616 1256 695 1323 κατό
711 1257 786 1334 τοός
800 1255 996 1341 θεολόγονς.”
1017 1256 1133 1342 μικρόν
1153 1250 1210 1322 σόν
1229 1255 1370 1339 ἐπισχών
1390 1256 1546 1341 δΓρηγο-

447 1363 507 1445 ogis
525 1353 605 1425 ιἰὀό
628 1355 705 1424 ίοό”
739 1363 837 1444 φησίν
863 1354 939 1442 “sic
966 1355 1188 1444 δβελτηριάς.”
1235 1357 1290 1421 κατ’
1318 1356 1442 1422 αἰιιδοόν
1465 1357 1546 1439 πρὸς

446 1456 545 1526 αὐτόν
562 1453 650 1524 “slus
673 1458 845 1534 ἐλάνθανες
871 1449 972 1543 sigeo?
1001 1461 1083 1543 φησί
1099 1452 1323 1543 “λασιόιιωφός
1353 1480 1401 1533 τις
1430 1452 1474 1523 (όν
1492 1455 1547 1524 καί

446 1557 579 1644 α’νηκοος
602 1561 658 1623 καί
678 1557 861 1625 παντάπασι
881 1563 945 1645 τῆςΙ
961 1561 1024 1623 τοῖν
1045 1563 1143 1624 θείων
1162 1563 1296 1644 γραφιόν
1318 1559 1546 1643 διδασκαλικῆς

403 1655 607 1744 illustriss:
641 1658 696 1723 κατ’
725 1657 948 1745 πανηγύρεως,
975 1663 1029 1725 καί
1051 1661 1315 1741 μετεγιεντρίζων
1345 1661 1384 1736 ἐξ
1400 1659 1545 1740 ἀμαθίας

446 1755 583 1846 ἄλλοθεν
615 1756 728 1825 ἄλλοθι
760 1759 816 1826 τόν
850 1756 976 1827 ἅπαντα
1008 1763 1082 1825 ναόν
1112 1757 1168 1824 καί
1193 1758 1309 1825 σκοπόν
1328 1763 1386 1845 τῆς
1406 1764 1544 1846 γραφῆς.

444 1865 538 1928 τοῦτο
555 1858 618 1945 γόρ
638 1858 656 1924 δ
677 1863 776 1944 μέγας
799 1863 832 1928 ἐν
856 1864 1003 1948 θεολογίρ
1023 1859 1139 1948 φόσκει
1159 1862 1189 1927 Γ
1186 1854 1344 1947 ρηγόριος,
1363 1859 1403 1927 τό
1427 1866 1546 1928 Διονν-

447 1965 506 2048 σίιρ
528 1963 571 2046 τῷ
594 1964 671 2048 θείφ
705 1962 861 2042 λεχθέντα
895 1961 1187 2044 διαβεβαιούμενος,
1212 1955 1318 2042 οἶμαι,
1341 1963 1397 2027 κατ’
1416 1986 1545 2045 συγχω-

447 2064 513 2144 ροῖν
547 2064 602 2124 καί
636 2056 730 2136 αόιός
765 2065 821 2126 κατ’
849 2059 944 2128 οἷονεί
980 2059 1233 2146 προτρεπόμενος
1266 2063 1450 2150 οἰκονομικῷ
1482 2059 1546 2128 τινὶ

405 2159 554 2248 stepings
576 2163 693 2245 καιροό
712 2165 883 2239 καλοῦντος
905 2163 985 2247 πρὸς
1001 2161 1077 2236 τοός
1104 2165 1165 2226 τῶν
1184 2159 1342 2247 δμολητιόν
1367 2161 1545 2248 διαφόρους

446 2260 504 2338 τός
518 2263 644 2343 γνώμας
666 2266 722 2326 κατ’
734 2263 863 2344 γνιόσεις
885 2265 1074 2347 κεχρῆσθαι,
1097 2261 1151 2326 καί
1169 2259 1457 2344 μικρδνόνδιδόναι
1480 2272 1546 2338 τοῖς

448 2361 617 2448 διαφόροις
639 2363 701 2427 τῶν
722 2359 916 2447 προσιόντων
938 2357 1032 2448 ἤθεσι
1046 2366 1087 2427 δι’
1104 2365 1241 2448 α’ναγκην
1254 2361 1366 2444 ε’νίοτε,
1384 2355 1465 2427 όόσεε
1488 2358 1547 2444 την

446 2461 480 2528 όν
500 2470 566 2537 τοῖς
596 2463 729 2545 καιρίως
760 2467 815 2546 τῆς
844 2466 979 2539 πίστεως
1001 2463 1189 2545 όμολογίαν,
1219 2465 1251 2528 εί
1275 2465 1330 2526 καί
1347 2459 1392 2546 μη
1416 2465 1544 2546 λέξεσιν,
1554 2491 1608 2543 ⁰5

447 2558 527 2627 etit
548 2586 584 2645 γε
604 2572 674 2638 ταῖς
697 2551 832 2640 ἐννοίαις
844 2560 1062 2650 φνλάττεσθαι
1076 2561 1295 2644 ἀπαράβατον.
1339 2566 1372 2626 ἐν
1397 2552 1443 2636 αἶς
1464 2563 1545 2637 ἑξεῖ·
1658 2565 1662 2568 ’

402 2660 504 2731 sossi
519 2687 598 2748 φησι
620 2666 712 2748 τηνδε
736 2658 868 2747 ἢτηνδε
889 2665 944 2746 την
958 2666 1041 2742 λε’ξιν
1064 2667 1119 2728 καί
1139 2665 1180 2726 δι’
1206 2656 1319 2748 ἑτέρων
1333 2658 1546 2744 όμοδυνόμων

445 2765 501 2828 καί
513 2768 792 2851 ἐκφαντικωτίρων
803 2771 916 2844 λέξεων
930 2768 1102 2852 διασαφεῖν
1116 2762 1171 2829 τόν
1186 2767 1349 2849 θεοπρεπῆ
1363 2756 1489 2844 τρόπον.
1508 2757 1548 2824 οό

446 2867 500 2930 δεῖ
514 2867 559 2946 δέ,
582 2864 682 2952 φησίν
704 2864 913 2947 Ἀθανόσιος,
935 2863 974 2930 τό
998 2869 1066 2931 κατ’
1088 2867 1267 2944 οἰκονομίαν
1287 2849 1475 2950 γραφόμενα
1493 2859 1549 2926 κατ’

354 2961 368 3061 J
444 2964 591 3050 γινόμενα
605 2968 757 3049 δέχεσθαι
773 2966 972 3051 κακοτρόπως
987 2965 1041 3032 καί
1058 2963 1136 3051 πρός
1147 2963 1202 3051 την
1214 2967 1299 3030 ίδίαν
1314 2965 1415 3032 ἕλκειν
1425 2958 1561 3047 βοόληέ

446 3169 513 3223 deus
530 3176 627 3293 ηριεαι
648 3170 733 3223 instas
749 3169 884 3224 increatus
903 3171 1005 3224 veritas
1026 3169 1215 3239 sententiosis
1233 3169 1291 3222 vita
1310 3166 1400 3222 lumen
1420 3167 1545 3222 elicies.

460 3242 497 3294 tia
519 3242 648 3309 taisqne.

549 3312 615 3367 Cum
644 3319 732 3365 autem
751 3315 806 3367 sois
831 3314 916 3381 ipsius
935 3312 1027 3365 verbis
1056 3321 1082 3365 et
1108 3313 1215 3379 seriptis
1235 3312 1293 3378 cepi
1313 3308 1431 3362 l’alsmas
1450 3325 1480 3362 se
1499 3311 1545 3361 vl.

447 3384 524 3437 deret
549 3385 695 3446 continuo,
724 3399 778 3436 non
810 3385 837 3436 in
868 3385 973 3447 verbis,
996 3386 1101 3452 inquit,
1126 3398 1214 3451 neque
1241 3383 1347 3433 omnino
1373 3381 1401 3431 in
1428 3381 1544 3447 scriptis,

447 3455 542 3508 sedin
563 3454 643 3507 rebus
668 3455 766 3507 nostris
794 3456 880 3520 pietas
904 3455 1024 3507 cernitur
1050 3454 1194 3507 secundum
1218 3452 1370 3519 theologos.
1407 3451 1544 3517 paululum

447 3526 530 3593 igitur
549 3532 666 3578 moratus
685 3525 836 3594 Gregocas:
866 3540 931 3592 pro,
950 3527 1047 3593 inquit,
1067 3523 1226 3587 stultitiam,
1247 3529 1274 3574 et
1290 3522 1443 3589 despiciens
1463 3538 1543 3574 euin:

448 3611 514 3663 ergo
535 3596 656 3665 fugiebat
682 3610 741 3662 nos,
767 3597 868 3664 inquit,
889 3604 915 3647 te
940 3611 1000 3647 esse
1020 3596 1121 3646 surium
1148 3594 1299 3646 obtusorum
1331 3601 1358 3644 et
1388 3593 1493 3645 surdum
1518 3600 1545 3644 et

450 3669 560 3719 omnino
578 3670 698 3735 ignarum
713 3667 869 3719 festivitatis
888 3674 914 3718 et
927 3664 1118 3717 celebrationis
1129 3665 1223 3716 doctae
1234 3663 1361 3716 librorum
1382 3663 1543 3727 divinorum,

449 3746 476 3789 et
494 3739 636 3791 inserendo
658 3746 685 3789 et
696 3738 892 3804 transponendo
906 3737 1013 3789 aliunde
1024 3737 1257 3803 elilipervertere
1271 3736 1423 3803 ignorantis
1441 3749 1544 3787 omnem

448 3824 554 3861 sensum
574 3818 601 3861 et
620 3824 699 3860 omne
721 3809 862 3861 consiliam
881 3806 1049 3875 scripturae?
1092 3807 1142 3858 hoo
1171 3807 1239 3859 enim
1259 3822 1369 3874 magnus
1388 3807 1415 3858 in
1434 3805 1544 3857 theolo.
1656 3821 1657 3824 ¹

447 3880 492 3947 gia
510 3879 576 3932 dieit
598 3879 743 3947 Gregorius
764 3895 795 3932 es
815 3896 884 3948 quse
903 3894 919 3931 ι
939 3879 1068 3945 Dionysio
1086 3878 1178 3930 divino
1204 3879 1354 3929 dictasunt
1376 3877 1544 3942 confirmans,

447 3959 528 4018 puto,
557 3958 583 4001 et
602 3952 754 4003 concedens
782 3959 809 4002 et
829 3953 886 4018 ipsc
906 3958 933 4001 et
950 3951 1140 4017 quodammodo
1170 3949 1311 4002 adhortans
1327 3956 1357 3998 ot
1374 3962 1454 4015 pecco
1474 3961 1545 4016 quo.

447 4023 505 4073 δκια
527 4023 605 4087 modo
626 4023 770 4074 occasione
789 4022 820 4073 ad
843 4037 890 4073 eos
909 4019 1047 4084 affabiles,
1072 4022 1117 4089 qui
1136 4021 1164 4073 io
1183 4021 1324 4073 sententiis
1343 4027 1371 4070 ot
1389 4019 1545 4087 cognitione

447 4092 502 4144 sint
520 4092 631 4157 diversi,
651 4101 767 4145 vocante
785 4102 889 4145 utamur
907 4101 934 4144 et
962 4107 1046 4159 pauca
1066 4091 1250 4160 indulgeamus
1276 4091 1389 4144 diversis
1409 4089 1544 4142 seceden-

447 4164 512 4215 tium
532 4163 649 4215 mosibus
668 4165 822 4217 necessario
836 4179 1040 4232 nonnunquam:
1059 4164 1096 4215 ita
1115 4172 1144 4215 ut
1162 4165 1189 4214 io
1204 4163 1282 4214 rebus
1298 4161 1465 4230 gravissimis
1483 4161 1545 4211 uuei

447 4236 591 4286 consensio
610 4236 731 4301 quamvis
752 4250 805 4286 non
825 4235 917 4286 verbis
935 4234 1030 4286 saltem
1042 4234 1250 4303 cogitationibus
1268 4241 1392 4286 servetur
1411 4239 1544 4284 constans.

447 4321 499 4373 qus
517 4307 544 4357 in
564 4320 594 4355 re
613 4304 824 4356 lieeaesitlsanc
836 4304 881 4357 vel
899 4304 972 4357 illam
992 4320 1086 4356 vocem
1098 4307 1175 4358 otiam
1189 4303 1393 4357 eliissiusilibus
1415 4310 1443 4354 et
1463 4302 1546 4369 megis

446 4375 658 4444 significantibus
671 4376 783 4428 vocibus
797 4376 934 4444 explicare
947 4377 1052 4430 ratione
1066 4377 1115 4428 deo
1130 4377 1319 4438 conveniente,
1335 4388 1388 4426 aon
1400 4379 1486 4424 autem
1496 4373 1546 4424 de.

447 4454 501 4512 eet,
510 4448 548 4499 ait
559 4445 731 4511 Athanasius,
743 4463 773 4499 ea
784 4462 853 4516 quse
863 4462 943 4516 parco
957 4449 1034 4500 modo
1047 4448 1199 4500 scribuntur
1211 4455 1237 4499 et
1247 4447 1312 4498 lunt
1324 4445 1448 4511 accipere
1462 4457 1545 4510 pravo

446 4531 538 4582 sensu,
556 4525 583 4570 et
592 4519 619 4570 in
631 4517 881 4573 suamvoluntatem
892 4519 1013 4574 trahere:
1030 4520 1127 4574 etenim
1138 4521 1215 4573 ettam
1225 4516 1343 4572 medians
1355 4527 1546 4585 saepenumero
