4000 5392
488 586 562 659 280
791 585 1016 655 ntmflont
1047 584 1278 654 GREGORAE

485 772 578 827 υιους
597 743 702 833 οόαπερ
724 749 814 815 ίδίαν
834 747 902 815 τινά
920 748 956 812 τό
988 745 1061 823 θεὸς
1082 740 1162 813 εἶναι
1184 751 1283 831 λέγεις
1314 738 1414 830 inope
1435 740 1589 815 άκτιυτον

484 847 693 933 ααιζθιότητα
715 849 794 934 πρός
815 849 991 935 διαφόρους
1015 850 1169 934 θεότητας
1189 846 1395 933 μεριζόμενον
1416 843 1585 932 α’πειράκις

482 950 622 1034 άπείρως
657 947 885 1034 ὑπερκειμένας
923 948 980 1014 καί
1008 948 1195 1035 ὑφειμέναις,
1232 943 1338 1033 άαπερ
1372 946 1409 1014 Οό
1440 949 1582 1016 καθόλου

447 1102 450 1106 J
483 1054 564 1132 ζῶον
580 1052 624 1126 είς
640 1050 781 1136 διάφορα
794 1050 848 1135 τη“ν
865 1049 964 1135 pion
983 1048 1063 1137 είδη,
1086 1049 1193 1135 λογικά
1208 1074 1242 1115 τε
1263 1050 1318 1115 καί
1332 1044 1440 1133 dispo,
1464 1048 1584 1135 ἔνυδρά

479 1178 513 1221 τι
533 1151 589 1217 καί
609 1146 746 1235 όνυδρα,
764 1150 903 1234 χερσαῖά
914 1175 945 1218 τε
959 1156 1015 1216 καί
1028 1154 1170 1237 αίθίρια,
1191 1152 1246 1217 οὑκ
1260 1150 1354 1227 είδιός
1375 1148 1420 1217 ότι
1437 1152 1470 1218 τό
1495 1157 1613 1233 θεῖον5

481 1252 604 1319 dunois
624 1245 660 1317 όν
686 1255 742 1317 καί
760 1246 931 1333 άσοόματον
952 1253 1070 1334 άμερὲς
1092 1254 1125 1331 d}
1148 1252 1286 1337 α’νάγκης
1315 1254 1400 1333 tasi,
1430 1257 1485 1318 καί
1507 1254 1584 1317 οὑδὲ

430 1421 432 1424 .
482 1350 582 1421 πολλά
603 1351 746 1436 μογήσας
767 1377 815 1428 τις
838 1355 940 1430 δεῖξαι
962 1356 1118 1439 δυνηθείη
1136 1344 1175 1416 eis
1197 1344 1264 1419 οὔτ’
1287 1354 1332 1427 είς
1351 1351 1386 1419 τό
1410 1354 1608 1440 ὑφειμένον-

376 1537 383 1549 ,
482 1444 558 1526 αὕτ’Ι
572 1455 619 1530 εἰς
640 1453 674 1520 τό
691 1451 909 1538 ὑπερκιίμενον
929 1456 1137 1540 μεριζομίνην
1156 1453 1211 1537 την
1231 1453 1330 1537 μόνην
1350 1456 1470 1538 ἐκείνην
1492 1448 1585 1518 άκτι-

483 1577 556 1622 υτον
577 1560 632 1621 καί
651 1552 751 1643 πάντη
773 1555 946 1634 α’μίριοτυν
967 1556 1081 1619 αυόίαν
1103 1578 1135 1621 τε
1168 1552 1223 1619 καί
1242 1552 1403 1638 θεότητα·
1445 1548 1466 1636 ἢ
1491 1555 1526 1619 τό
1548 1578 1584 1637 γε

413 1742 416 1749 Ι
485 1656 660 1739 δεὺτερον,
680 1659 804 1721 πολλάν
826 1654 889 1719 ὑπό
912 1659 972 1720 eoi
1002 1658 1220 1737 δοξαζομένων
1247 1658 1401 1721 ιίκτίοτων
1420 1656 1506 1721 θετόν
1528 1654 1584 1718 καί
1596 1672 1629 1726 10

484 1757 664 1843 θευτὴτων,
685 1759 742 1822 ἕνα
764 1761 826 1821 sois
850 1759 973 1822 πολλῶν
994 1752 1076 1823 εἶναι
1105 1758 1204 1839 λόγιος
1237 1758 1293 1822 καί
1314 1756 1368 1820 τόν
1393 1755 1467 1840 ἡμῖν
1488 1757 1586 1834 δοξα-

487 1854 618 1937 ζόμενον
647 1852 779 1941 ποιητήν
809 1860 867 1921 τοὺ
900 1857 1025 1933 παντός.
1075 1860 1130 1922 καί
1162 1854 1249 1923 ἔστιν
1275 1858 1398 1943 άμφοῖν
1417 1856 1584 1937 οὑδίτιρυν

484 1958 632 2040 α’σεβείας
656 1953 835 2041 ὑπερβαλόν
857 1966 1063 2041 παραλείπον.

416 2072 470 2128 tt
572 2059 698 2141 Τρίτον
713 2061 748 2125 δὲ
769 2056 816 2125 ὅτι
838 2059 894 2124 καί
912 2056 968 2133 τός
990 2064 1082 2134 θείας
1102 2054 1292 2137 ὑποστάσεις
1314 2059 1484 2133 όνυυοίους
1504 2051 1601 2122 εἶναι’

489 2157 630 2240 δοξάζων
650 2154 763 2241 ἑάλως,
783 2156 889 2244 εόσπερ
913 2163 969 2225 καί
991 2159 1140 2237 πολλάκις
1168 2153 1229 2246 ἤδη
1252 2163 1415 2245 πρότερον,
1435 2158 1477 2233 τός
1498 2160 1586 2239 γίνε-
1597 2172 1629 2225 15

482 2263 567 2329 αθοί
581 2286 632 2327 σοι
665 2258 723 2337 τάς
752 2259 942 2337 ὑποστάσεις
972 2259 1222 2337 α’νυποατότους.
1282 2261 1318 2325 τὸ
1344 2258 1404 2344 γάρ
1435 2258 1586 2322 είιουάιον
1659 2274 1667 2307 t

464 2361 714 2431 ’άνυπόστατον·
757 2363 812 2427 καί
834 2360 943 2426 λοιπόν
966 2358 1010 2437 οός
1040 2356 1117 2427 όταν
1146 2366 1201 2427 καί
1221 2361 1286 2438 ,τάς
1312 2361 1480 2433 άνουοίους
1503 2362 1586 2423 ἐκεί-

483 2489 540 2540 νας
574 2464 725 2549 θεότητος
757 2468 802 2546 τίς
839 2456 970 2548 άπιιρον
1003 2462 1143 2547 α’ριθμόν
1174 2462 1335 2549 θεοτητων
1372 2466 1587 2548 ποραπίμπης

483 2565 653 2646 όντίατων,
690 2566 884 2641 ὑποστάσεις
919 2558 1000 2630 εἶναι
1034 2567 1089 2631 καί
1116 2566 1236 2641 ταὺιας
1272 2561 1431 2661 δοξάζειρ·
1484 2567 1539 2627 καί
1571 2556 1587 2624 ii

482 2667 633 2741 πολλάκις
654 2664 756 2745 ἑάλως
777 2667 929 2753 γράφων,
964 2666 1009 2750 μη
1032 2663 1282 2749 τρισυιιόστατον
1303 2660 1388 2729 εἶναι
1408 2662 1506 2746 μόνον
1530 2662 1637 2748 sipoto,

481 2769 576 2833 θείαν
610 2766 707 2854 priori
727 2767 809 2833 άλλό
831 2766 886 2833 καί
905 2767 1187 2849 πολυυπόοτατον,
1208 2770 1302 2833 τοῦτο
1332 2765 1498 2832 κάνταῦθα
1531 2787 1585 2831 ιε-

483 3096 598 3149 deitstes
615 3094 748 3147 inorentss
779 3102 902 3162 tanosm
931 3110 1016 3163 penos
1043 3097 1172 3164 quoddam
1191 3097 1330 3151 contendis
1357 3094 1434 3149 deum
1453 3112 1514 3149 esso
1533 3111 1585 3148 no.

484 3182 545 3220 men
567 3167 715 3219 ineresturn
735 3174 762 3217 et
780 3166 963 3232 divinitstem,
984 3167 1098 3219 divisum
1117 3170 1269 3222 sexcenties
1297 3170 1324 3220 in
1344 3168 1464 3221 diverses
1482 3166 1585 3219 divini.

483 3247 552 3292 tstes
570 3239 708 3313 impositos
730 3237 934 3302 etsnbmissas,
962 3236 1038 3291 velut
1067 3239 1164 3292 enimel
1190 3243 1216 3291 in
1244 3242 1398 3293 universum
1418 3241 1445 3291 in
1465 3240 1586 3291 diverses

484 3310 555 3381 quod
574 3310 605 3361 sd
618 3318 738 3362 netursm
757 3310 853 3361 attinet
871 3311 987 3375 species,
1003 3310 1129 3363 nnimnlin
1145 3313 1269 3363 nimirum
1290 3312 1396 3363 rationo
1421 3311 1539 3378 praedite
1559 3318 1586 3361 et

485 3383 621 3446 destituto,
642 3381 754 3449 ineque
776 3382 897 3433 viventio
919 3389 946 3432 et
966 3396 1091 3449 equorum
1111 3384 1251 3449 expertia,
1270 3382 1408 3433 terrestria
1431 3390 1457 3432 et
1475 3382 1502 3432 in
1522 3386 1585 3433 eisne

482 3454 622 3506 visentie:
642 3452 780 3520 ignorans,
798 3466 896 3503 numen
915 3452 1042 3510 divinum.
1065 3455 1126 3521 quis
1146 3453 1260 3521 simplex
1280 3460 1320 3504 est
1339 3460 1366 3503 et
1385 3454 1584 3518 incorporeum,

450 3536 453 3541 ·
482 3528 636 3577 necessario
671 3539 732 3576 esse
757 3523 940 3588 individuum,
966 3539 1055 3592 neque
1083 3526 1110 3575 in
1135 3526 1300 3591 suppositum
1319 3539 1407 3591 neque
1426 3525 1453 3575 in
1472 3524 1585 3587 intposi.

482 3604 536 3648 turn
560 3595 644 3648 dividi
665 3594 748 3646 solnm
769 3594 841 3646 ilism
863 3595 1007 3646 increntnrn
1035 3602 1062 3645 et
1080 3598 1187 3645 omnino
1214 3596 1376 3647 individuam
1397 3595 1539 3663 essentium
1559 3600 1586 3643 et

481 3668 659 3729 divinitatem,
678 3667 788 3718 mettum
809 3665 971 3718 elaborando
991 3668 1130 3734 qnisquam
1150 3666 1331 3717 demonstrare
1361 3667 1463 3731 possit:
1482 3672 1538 3728 eut,
1559 3662 1584 3714 id

482 3738 553 3807 qnod
573 3737 686 3789 atterum
719 3744 776 3797 est,
808 3752 866 3788 curn
905 3736 1001 3789 multos
1030 3737 1124 3790 credas
1153 3738 1287 3788 increatos
1315 3736 1380 3789 deos
1410 3743 1436 3787 et
1460 3736 1583 3797 deitates,

481 3824 561 3861 unum
592 3824 626 3859 ex
651 3806 693 3859 his
716 3806 806 3858 muitii
837 3823 897 3858 esse
930 3809 1070 3859 contendis
1098 3810 1176 3859 etiem
1201 3808 1296 3871 illurn,
1318 3808 1363 3875 qui
1390 3807 1467 3859 nobis
1494 3806 1584 3857 credi..

482 3889 525 3933 tur
543 3879 632 3930 mundi
651 3878 772 3930 universi
799 3887 919 3943 creator,
939 3894 1051 3947 quorum
1072 3887 1193 3932 neutrum
1219 3879 1329 3931 multum
1355 3877 1462 3929 ebestn
1484 3892 1584 3929 summa

394 4003 406 4013 ,
484 3952 631 4018 impietate.
1188 3976 1193 3982 ·

584 4046 672 4099 Tertio
696 4042 758 4097 loco
777 4043 962 4111 deprehensus
982 4062 1010 4100 os
1031 4047 1143 4113 opinens
1162 4046 1323 4099 substantioe
1343 4044 1448 4097 divinos
1468 4045 1585 4096 essentie

485 4132 588 4181 errore,
611 4125 641 4167 nt
659 4117 738 4168 etism
756 4130 951 4181 saepenumero
978 4118 1030 4168 inni
1059 4126 1151 4181 entes,
1176 4120 1213 4170 ite
1240 4126 1268 4170 ut
1286 4117 1451 4171 substantiae
1471 4116 1518 4167 tibi
1540 4117 1585 4167 vi.

486 4189 598 4242 desntnr
620 4203 674 4241 non
699 4187 830 4238 substsre.
875 4188 944 4255 quod
974 4188 1044 4239 enim
1066 4191 1181 4241 essentia
1211 4197 1303 4253 enret,
1320 4188 1486 4240 substantioe
1507 4187 1585 4237 etiem

490 4266 530 4311 est
553 4274 660 4327 expers,
681 4266 708 4309 et
724 4259 855 4326 sequitur,
875 4266 913 4321 ut,
932 4259 955 4308 si
977 4258 1039 4310 ilias
1053 4276 1160 4327 quoque
1179 4258 1332 4312 divinitates
1352 4259 1469 4310 essentie
1488 4272 1586 4309 ceren.

490 4337 532 4381 tes
553 4330 738 4383 innumerum
758 4329 888 4382 infinitum
908 4329 1074 4381 divinitatum
1097 4332 1273 4383 increntnrtnn
1292 4330 1404 4392 dividas,
1424 4328 1586 4381 substantioe

493 4401 587 4453 eodem
605 4402 683 4452 modo
706 4415 766 4452 esso
785 4401 883 4453 divisos
904 4400 1041 4467 opinerist
1061 4410 1087 4453 et
1105 4402 1174 4471 quod
1194 4418 1275 4469 stepo
1293 4400 1413 4453 scribens
1432 4399 1586 4466 deprehen-

490 4487 542 4534 sus
562 4489 601 4539 es,
619 4485 672 4524 non
692 4470 778 4543 solnm
805 4470 883 4525 trinrn
910 4471 1113 4529 substantiarum
1145 4489 1204 4528 etse
1233 4481 1351 4529 notorem
1376 4472 1507 4535 divinem,
1539 4470 1587 4527 sod
