4000 5392
504 621 577 699 556
801 618 1024 690 utcaanoat
1057 621 1287 689 Gaacoaaa

476 820 485 829 ⁴·
506 790 536 855 δ’
557 785 746 870 οὐδετέρως,
770 784 888 869 τρόπον
911 782 946 849 δέ
966 808 1037 849 τινα
1064 782 1339 872 τερατωδέστερον
1362 787 1424 854 καί
1448 786 1620 854 άλλόκοτον

505 886 586 953 κατά
607 888 664 971 τὴν
685 882 825 952 ἑκάστων
844 886 1019 953 ἀδέσποτον
1036 888 1206 971 βούλησιν,
1229 880 1331 971 οἶμαι,
1351 892 1412 952 τοῦ
1433 891 1521 952 θεοῦ
1542 916 1617 974 σιγ-

500 990 723 1074 κεχωρηκότσς
753 991 797 1065 εἰς
828 990 919 1053 τοῦτο
941 989 1055 1065 κακιάς
1078 987 1216 1074 ῥαγῆναι
1234 984 1419 1070 Ῥωμαιόυς
1455 987 1542 1054 ὥστε
1565 988 1617 1054 τόν

507 1090 597 1179 ἔνδον
617 1092 673 1173 τῆς
693 1092 804 1173 ψυχῆς
832 1091 975 1171 χειμῶνα
998 1089 1054 1153 καί
1075 1087 1131 1172 τη“ν
1161 1088 1236 1171 περὶ
1253 1086 1294 1152 τά
1318 1092 1395 1152 θεῖα
1419 1092 1481 1173 τῆς
1504 1092 1614 1174 ἐκκλη-

374 1204 393 1259 t.
403 1206 455 1262 271
469 1223 495 1262 a.
507 1191 579 1267 σιάς
602 1188 743 1274 δόγματα
766 1189 911 1273 ποικίλην
928 1188 1025 1273 ζάλην
1044 1188 1099 1253 καί
1122 1188 1277 1253 άατασίαν
1295 1187 1349 1252 διά
1370 1193 1435 1253 τῶν
1458 1189 1524 1269 ἔξω
1548 1197 1634 1254 τοι-5

506 1292 609 1356 οάτων·
620 1290 791 1373 σχημάτων
813 1292 1000 1373 δηλοῦσθαι,
1023 1289 1079 1354 καί
1096 1292 1188 1373 σφῶν
1207 1286 1310 1351 αὐτῶν
1332 1287 1450 1365 αότοός
1475 1290 1611 1355 αὐτόθεν

506 1384 588 1454 εἶναι
610 1389 826 1475 κατηγόρους,
857 1390 890 1453 ἐκ
913 1389 1039 1474 πρώτης
1065 1386 1161 1463 εόθός
1185 1382 1292 1467 ὅψεοός
1313 1410 1348 1451 τε
1369 1388 1427 1452 καί
1448 1390 1610 1469 ἐντυχίας.

437 1489 561 1569 avaut*
584 1486 693 1570 ὥσπερ
726 1488 780 1553 ε’πί
808 1489 985 1572 θαλάττης,
1019 1484 1149 1553 ἐπειδὰν
1176 1490 1239 1551 τῶν
1259 1486 1425 1572 σφετέρων
1459 1488 1609 1573 άγκυρυῖν

505 1587 744 1675 όρφανισθεΐσα
774 1590 850 1663 ναῦς
878 1589 1008 1672 ἔξωσθῇ
1038 1584 1118 1667 πρός
1145 1584 1180 1649 τό
1213 1586 1365 1670 πέλαγος,
1397 1588 1527 1671 μυρίας
1555 1588 1610 1651 καί

507 1686 721 1772 άτικμάρτους
738 1686 848 1751 άντλιῖ
864 1686 920 1762 τὰς
940 1687 1060 1762 πλάνας
1072 1688 1128 1751 καί
1143 1684 1215 1762 τοὺς
1230 1686 1404 1762 κινδόνους,
1426 1685 1512 1751 οὕτω
1532 1688 1644 1752 κάν-ιδ

388 1795 392 1802 “
504 1790 610 1852 ταῦθα
642 1782 711 1863 ἑνός
740 1786 858 1851 άτόπου
890 1786 1055 1865 δοθέντος,
1080 1789 1184 1873 μυρία
1213 1783 1253 1850 τά
1274 1782 1375 1850 άτσπα
1397 1785 1608 1873 ἦκ’σλσόθησε,

505 1891 630 1972 πρῶτον
658 1889 717 1970 μὲν
746 1886 766 1972 ἦ
795 1890 857 1953 τῶν
882 1878 1045 1974 μεγίστων
1067 1890 1101 1952 ἐκ
1130 1889 1270 1951 παλαιοῦ
1300 1886 1356 1951 καί
1383 1889 1608 1973 περιβλέπτων

505 1991 670 2054 παλατίων
690 1987 745 2053 καί
767 1986 838 2054 όσοι
868 1992 931 2053 τῶν
952 1989 1074 2066 τούτοις
1089 1988 1322 2073 παραπλησάος
1352 1989 1493 2066 ἐνδόξων
1514 1987 1609 2053 οἴκων

506 2092 714 2173 καθαίρεσις,
745 2089 800 2153 καί
828 2088 895 2173 ἅμα
924 2088 944 2173 ἦ
972 2093 1035 2154 τῶν
1063 2090 1176 2154 κιόνων
1207 2090 1263 2154 καί
1284 2092 1346 2154 τοῖν
1367 2088 1534 2153 ἐπιπέδων
1555 2089 1610 2155 καί

507 2190 734 2261 ποικίλωνκαέ
768 2192 963 2273 θαυμασίων
996 2190 1180 2275 μαρμάρων
1211 2190 1481 2276 πιπρασκομένων
1503 2194 1646 2275 διηνε-λδ

507 2289 562 2376 κὴς
584 2291 664 2378 πρὸς
684 2290 718 2357 τό
733 2294 763 2357 Γ
764 2291 971 2375 αλατιόνυμον
994 2294 1150 2378 φροόριον
1173 2291 1337 2377 άπαγωγή,
1358 2291 1414 2354 καί
1435 2290 1457 2375 ἦ
1477 2296 1536 2375 τῆς
1558 2293 1608 2356 έν-

505 2394 617 2457 τεῦθεν
636 2396 770 2477 χάριτος
797 2393 899 2456 ἐκεῖσε
929 2393 1122 2474 μετάθεσις,
1150 2393 1206 2455 καί
1240 2390 1301 2457 ὅσα
1328 2391 1450 2472 κόσμον
1471 2400 1609 2475 παρεῖχε

505 2495 546 2578 τῇ
566 2493 697 2577 μεγίστῃ
727 2492 826 2577 ταότῃ
849 2494 912 2555 τῶν
933 2492 1057 2556 πόλεων
1082 2491 1138 2556 καί
1165 2490 1354 2577 περιβόητον
1378 2487 1435 2573 τὴν
1457 2493 1609 2576 λαμπρό-

505 2617 599 2675 τητα·
646 2584 713 2656 εἶτα
735 2594 798 2656 τῶν
819 2588 987 2676 ἱερῶνκαὶ
1008 2593 1107 2657 θείων
1127 2595 1207 2657 νεῶν
1228 2590 1342 2656 όπόσοι
1362 2594 1477 2673 μεῖζον
1497 2596 1610 2680 πολλρῖ

504 2694 560 2775 τῆς
576 2694 645 2769 ,τῶν
673 2689 768 2756 οἴκων
795 2692 923 2757 ἐκείνων
943 2693 1155 2778 περιφανείας
1186 2700 1340 2778 παρεῖχον
1367 2693 1410 2778 τῇ
1447 2693 1542 2758 πόλει
1573 2692 1648 2764 mito

504 2792 604 2869 κλέος.

435 2931 495 2985 5⁰
607 2896 673 2959 Τσῦ
693 2898 722 2959 δ’
744 2890 823 2981 ἦρος
840 2892 1026 2980 ’ἀρχομένου
1047 2892 1066 2959 ό
1086 2898 1149 2959 τῶν
1163 2896 1352 2980 Τριβαλλῶν
1372 2892 1518 2979 ’άρχηγδς
1538 2894 1608 2958 ἐτε-

504 2991 615 3077 θνήκει
641 2995 775 3079 Κράλης
795 2994 943 3081 Σερβίας,
965 2993 1021 3059 καί
1041 2993 1185 3079 θόρυβον
1206 2992 1283 3073 ἔσχε
1302 2994 1358 3057 καί
1380 2990 1479 3077 ζάλην
1500 2993 1609 3057 eneti·

500 3297 579 3350 ιιισδο
597 3303 720 3349 neutram
746 3295 840 3349 hurum
861 3296 1000 3365 praeferre
1019 3299 1160 3363 ridemur,
1188 3296 1236 3349 aed
1255 3295 1338 3349 uiinrn
1355 3296 1442 3365 megin
1460 3294 1608 3349 nbaurdnrn

503 3376 531 3422 et
549 3369 719 3436 peregrinum
738 3368 961 3437 proainguinrum
981 3369 1052 3421 iibiti
1070 3369 1232 3437 arrogantia.
1252 3383 1329 3437 quam
1345 3366 1378 3418 ad
1397 3367 1607 3434 perversitatem

503 3438 636 3493 Romanoa
654 3439 707 3491 labi
725 3449 754 3491 ut
769 3455 820 3508 ego
840 3441 945 3508 quidem
957 3442 1054 3506 opinor
1070 3441 1135 3492 dena
1154 3446 1297 3506 prepterea
1316 3439 1426 3505 patitur,
1445 3445 1476 3488 ut
1496 3440 1606 3492 animo.

480 3548 481 3551 ,
500 3526 556 3562 rum
576 3511 733 3577 pravitatem
754 3520 780 3562 et
799 3510 985 3563 vehementem
998 3519 1109 3578 propter
1126 3511 1217 3562 divina
1236 3508 1371 3561 eccieaiae
1389 3508 1514 3576 dogmata
1533 3517 1605 3561 tem.

502 3589 631 3648 pentatem
652 3589 679 3633 et
697 3580 873 3634 turbationem
896 3598 929 3633 ea
946 3582 1093 3634 iatiuamodi
1121 3582 1239 3634 exteruia
1260 3579 1340 3633 rebua
1366 3589 1553 3646 cugnoacant,
1575 3588 1604 3633 et

501 3660 645 3719 propterea
671 3660 700 3703 ut
725 3660 810 3707 aemet
830 3654 881 3720 ipai
911 3654 1035 3705 incunent
1058 3653 1146 3704 atatim
1174 3668 1209 3703 ex
1227 3653 1311 3717 primu
1339 3652 1437 3701 intuita
1471 3657 1501 3700 et
1529 3666 1605 3702 eaau.

502 3720 1605 3859 titt·i':·⁰i?t:t‘tt„itit?„tttitttttttittit‘tsstttt‘tr:

501 3866 537 3917 ita
557 3863 625 3931 apud
651 3862 714 3915 ἰΙΙοι
742 3866 820 3916 uniua
844 3866 884 3917 rei
910 3866 1089 3932 pervertitate
1107 3871 1231 3931 recepta,
1256 3862 1326 3913 hane
1350 3863 1507 3913 innumerae
1532 3863 1604 3914 aiiaa

502 3943 611 3988 aeeuiae
630 3942 700 3987 aunt.
737 3936 850 4002 primum
872 3938 941 3989 enim
955 3935 1116 4002 amplierima
1135 3936 1244 4002 antiqua
1263 3941 1289 3984 et
1308 3932 1484 3985 celeberrima
1503 3932 1604 4001 palatia

502 4014 529 4058 et
546 4005 597 4057 aiia
617 4021 704 4073 aeque
723 4005 862 4073 apiendidn
880 4008 1003 4059 aedificia
1021 4007 1155 4058 deutructa
1167 4012 1238 4067 aunt,
1258 4012 1286 4057 et
1305 4005 1485 4066 columnarum
1506 4013 1534 4055 et
1552 4019 1603 4070 pa.

500 4078 677 4130 rimenturnm
698 4078 791 4144 pulcra
808 4086 835 4129 et
855 4079 972 4130 miranda
990 4092 1122 4129 marmora
1140 4078 1248 4129 vendita
1268 4083 1295 4127 et
1315 4076 1443 4127 continuo
1465 4074 1497 4125 ad
1519 4075 1603 4127 Gaia.

500 4156 586 4202 torum
606 4146 745 4199 castelium
764 4156 960 4216 transportata,
986 4152 1077 4217 itaque
1097 4148 1158 4200 binc
1178 4146 1244 4199 iiiuc
1271 4148 1359 4199 emnia
1377 4153 1532 4197 ornamenta
1551 4145 1603 4196 da·

501 4219 556 4272 iata
574 4226 646 4283 aunt,
668 4227 695 4270 et
712 4219 766 4271 aiia
785 4235 854 4287 quae
876 4221 968 4272 decori
988 4228 1064 4271 erant
1085 4218 1146 4270 huie
1165 4218 1225 4270 urbi
1244 4217 1423 4285 ampiiaaimae
1446 4224 1473 4267 et
1491 4224 1602 4283 propter

500 4290 669 4357 splendorem
691 4292 808 4342 omnium
827 4306 874 4343 ora
894 4289 1038 4343 celebrata.
1076 4291 1192 4359 denique
1210 4290 1279 4341 idern
1297 4289 1395 4340 accidit
1408 4287 1492 4339 aacria
1512 4294 1540 4338 et
1558 4287 1601 4339 di.

500 4362 572 4412 viuia
592 4359 707 4427 tempiia,
729 4377 798 4430 quae
817 4360 900 4413 multo
920 4364 1046 4414 maiorem
1067 4377 1144 4430 quam
1164 4361 1347 4414 aedificiorum
1366 4358 1475 4411 iliorum
1494 4359 1601 4427 magni.
1681 4372 1686 4377 ’

501 4430 611 4483 fluentia
629 4432 688 4483 urbi
709 4432 886 4501 praebuerant
905 4433 1101 4485 claritudinem.

488 4519 491 4525 '
558 4574 559 4577 ,
602 4526 698 4581 Primo.
718 4542 784 4581 rere
807 4528 981 4585 Triballerum
1009 4533 1136 4599 princepe
1162 4532 1231 4588 obiit
1251 4530 1346 4587 Graiae
1372 4528 1492 4586 serbiae.
1530 4528 1602 4583 unda
