4000 5392
494 583 539 654 16
797 583 1022 652 NICEPHORl
1059 583 1290 652 eneconis

421 807 422 810 ,
490 749 588 832 μένην
605 733 803 828 ἀποστόλων,
826 747 896 812 λίαν
920 729 1064 827 α’σμέιοος
1087 741 1172 811 εἶδον
1201 744 1249 812 ἔτι
1270 754 1386 831 σημεῖα
1406 749 1522 828 ψυχαῖν
1543 750 1591 821 είς
1637 770 1639 773 ·

491 845 657 928 εύσέβειαν
678 851 892 930 θερμοτέραν.
936 844 1036 935 ταύτῃ
1049 869 1098 912 τοι
1122 847 1178 912 καί
1198 840 1374 928 inciperci·
1388 851 1508 927 perillus
1529 849 1591 912 αύ-

489 946 545 1030 την
564 949 611 1011 ’δι’
634 947 715 1011 αύτύ
739 971 773 1029 γε
789 943 917 1032 rosiris}=
939 948 993 1012 διὰ
1015 941 1135 1030 τάλλα,
1158 946 1259 1013 ἐπύσο
1279 950 1319 1034 τῇ
1342 946 1427 1011 πόλει
1448 953 1592 1031 περίεστι

476 1045 527 1118 ’τύ
553 1047 643 1112 πολύ.
697 1051 754 1131 τῆς
785 1048 845 1130 γάρ
881 1045 1066 1136 ἀλλοφύλου
1103 1054 1275 1133 θρησκειάς
1313 1054 1593 1134 συμπεφυρμένως

489 1146 741 1232 ἐπιπολαζούσης
765 1147 834 1212 ἐκεῖ
850 1145 1128 1231 πανταχόθεν,ιιαι’
1150 1149 1305 1235 πανταχῇ,
1336 1141 1391 1212 ἅτε
1416 1152 1469 1232 τῆς
1490 1146 1616 1231 Ἀραὶ-5

470 1249 555 1327 ’βων
587 1250 788 1332 ἐπικρατείας
810 1245 842 1327 ἐξ
864 1245 1057 1331 Αἰγύπτου,
1089 1253 1212 1330 μᾶλλον
1246 1250 1275 1312 δ’
1305 1250 1339 1311 ἐκ
1364 1248 1517 1332 Κυρήνης
1538 1253 1594 1314 καί

417 1372 424 1392 ²
491 1343 724 1426 Πεντοπόλεως
756 1353 811 1414 καί
836 1353 898 1417 τοῖν
919 1372 954 1433 γε
983 1347 1031 1416 ἔτι
1062 1350 1172 1415 τούτου
1199 1351 1391 1432 προσωτέρω
1421 1348 1593 1433 διηκούσης

491 1443 568 1532 ἀχρι
590 1447 645 1514 καί
665 1445 698 1525 ἐς
727 1451 770 1514 τοὶ
789 1454 845 1536 τῆς
861 1447 1063 1534 Ἀντιοχείας
1087 1453 1253 1530 ἐπέκεινα,
1273 1451 1444 1531 συμβαίνει
1465 1451 1592 1532 καὶτῆς

490 1549 658 1636 Ἀραβικῆς
684 1554 856 1634 θρησκείας
886 1552 1042 1633 δείγματα
1073 1550 1219 1636 πανταχῇ
1258 1551 1316 1630 τῆς
1343 1550 1399 1632 γῆς
1431 1545 1592 1632 ύπάρχτιν

368 1664 389 1718 l.
409 1661 479 1718 98b.
491 1653 620 1735 ἐκείνης.
663 1651 713 1714 διὸ
735 1655 790 1716 καί
810 1651 1039 1733 ἀντεχομένους
1059 1653 1127 1716 ἐκεί
1143 1651 1257 1739 κομιδῇ
1278 1655 1302 1690 “
1323 1651 1387 1713 τῶν
1406 1649 1636 1730 Ἀντιοχέων1θ

490 1749 590 1827 αύτύς
611 1750 696 1835 ὀροῖν
717 1753 792 1826 τούς
812 1752 951 1833 εύσεβοός
971 1745 1142 1833 ἑλομένους
1165 1752 1222 1835 ζῆν
1245 1745 1325 1833 ύπέρ
1365 1750 1427 1814 τοῖν
1449 1748 1592 1831 πατρίων

490 1855 544 1935 τῆς
569 1849 734 1933 εύσεβείας
758 1851 922 1934 δογμάτων
945 1843 1023 1936 ύχρι
1051 1857 1192 1917 θανάτου
1225 1854 1361 1934 δεῆσαν,
1389 1849 1442 1913 διὰ
1463 1852 1592 1942 μακροῦ

491 1953 548 2017 τού
568 1947 733 2030 θαύματος
763 1950 938 2036 ἐποιούμην
965 1959 1043 2028 τέως
1073 1951 1132 2036 ἐγώ
1164 1951 1200 2017 τό
1226 1953 1351 2016 ἐκείνων
1370 1953 1514 2034 πρᾶγμα,
1538 1946 1592 2012 καί

492 2056 523 2128 ές
547 2050 602 2138 την
625 2048 723 2116 πύελοι
744 2055 870 2138 μνύμην
891 2054 1006 2138 ἀνῆγον
1027 2053 1129 2128 εύθύς
1149 2055 1269 2137 ἐκείνην
1288 2050 1342 2116 τόν
1361 2055 1446 2116 νούν.

428 2169 484 2220 lo
592 2145 674 2217 Εἶεν.
718 2149 799 2216 ἀλλά
820 2152 901 2231 μετὰ
922 2153 1031 2236 βραχύ
1053 2155 1198 2217 κάκεῖθεν
1224 2151 1351 2234 α’πάρας
1377 2147 1491 2237 ἀπῄειν
1513 2139 1634 2231 ἀχριλθ

472 2256 547 2318 ,καί
568 2253 613 2327 είς
630 2250 750 2338 Ἰσσόν,
782 2249 861 2318 ἔνθα
880 2252 954 2329 τούς
976 2252 1145 2326 Κιλικίους
1172 2252 1318 2327 αύλαῑνος
1340 2253 1401 2316 τω”ν
1425 2241 1592 2334 Ταυρικῶν

492 2352 700 2440 παραψαύειν
730 2356 814 2438 ἀρούν
842 2353 959 2438 οχεέύν
980 2355 1079 2420 εἰπεῖν
1106 2357 1140 2419 ἐκ
1168 2347 1295 2438 φύσεως
1316 2355 1515 2437 συνηνέχθη·
1560 2351 1592 2424 ἐς

493 2457 625 2520 τοσοῦτο
646 2453 708 2537 γύρ
740 2450 938 2541 βραχύτητος
973 2454 989 2544 ri
1025 2451 1143 2536 μεταξύ
1172 2457 1374 2518 συστέλλεται
1396 2454 1503 2537 χοῖρος
1528 2454 1598 2517 ἐκεῖ

493 2553 526 2621 ἔκ
545 2577 578 2621 τε
596 2553 753 2640 θαλάττης
776 2559 831 2620 καί
851 2553 935 2638 ἀρῶν
956 2553 1081 2620 ἐκείνων
1111 2547 1191 2620 οἷστε
1212 2557 1268 2617 κατ’
1286 2552 1384 2618 πύλαι
1404 2561 1470 2627 τοϊς
1492 2550 1592 2617 πύλαι

479 2657 798 2741 προσηγορεύθησαν
821 2657 955 2722 Ἰοσικοί
972 2679 1004 2721 τε
1035 2650 1103 2737 ἀμα
1133 2658 1190 2720 κατ’
1214 2657 1379 2740 Συριακαί.
1430 2657 1485 2719 καί
1505 2652 1635 2728 πύλιςγο

495 2759 522 2819 d'
537 2747 628 2821 ἔστιν
642 2756 840 2839 Ἀντιοχείας
856 2755 1055 2841 ἀρχαιοτέρα
1071 2761 1297 2841 παρακειμένη,
1309 2754 1366 2832 ξύν
1378 2778 1414 2839 γε
1430 2754 1594 2830 πλείσταις

494 2853 615 2940 ἑτέροις
643 2856 863 2945 Ἀλεξάνδρεια
902 2862 1091 2944 καλουμένη.
1145 2860 1266 2943 ταύτην
1298 2856 1360 2942 γάρ
1389 2857 1593 2939 Ἀλέξανδρος

406 3023 409 3029 ,
495 2954 639 3043 ἀνήγειρε
661 2957 787 3042 προύτην
821 2951 949 3041 ἄγαλμα
979 2960 1065 3044 νίκης
1100 2960 1222 3041 εἰπεῖν,
1252 2953 1291 3042 ἢν
1312 2957 1432 3024 ούτάθι
1453 2960 1593 3039 Δαρεῖον

495 3247 581 3303 adhue
599 3249 699 3302 indicio
720 3253 866 3306 animorum
885 3253 1032 3306 fervidiore
1050 3255 1150 3320 pietate
1169 3238 1344 3308 incensorum
1362 3254 1488 3322 cognom.
1509 3265 1593 3320 quere

495 3323 529 3374 ou
548 3321 616 3374 hanc
634 3323 717 3388 ipsam
734 3340 791 3376 rem
809 3325 893 3394 magis
916 3323 1007 3377 urbem
1027 3324 1168 3378 admiratus
1195 3341 1252 3379 sum
1277 3341 1354 3394 quom
1379 3324 1413 3376 ob
1441 3324 1496 3377 slis
1514 3338 1592 3374 eom-

494 3393 571 3446 modo
592 3401 618 3444 et
640 3401 811 3460 ornamenta,
830 3412 898 3465 quae
921 3397 946 3446 ei
965 3404 1116 3464 suppetent.
1161 3396 1234 3448 cultu
1254 3399 1323 3449 eninr
1342 3397 1485 3466 peregrino
1504 3393 1592 3446 unde-

495 3480 602 3534 quaque
627 3467 778 3533 pronriscue
802 3468 935 3536 gliscente
968 3469 1141 3536 omnibusque
1168 3469 1235 3520 locis
1260 3477 1381 3521 exstente
1408 3471 1502 3536 (quum
1521 3467 1617 3523 enim,

493 3536 609 3590 Arabum
629 3539 768 3605 imperium
790 3539 852 3592 inde
871 3539 904 3592 ab
921 3539 1047 3609 Aegypte
1066 3548 1111 3592 eut
1136 3542 1259 3607 potiuse
1282 3539 1386 3606 Cyrene
1406 3545 1433 3589 et
1450 3535 1591 3603 Pentapoli

494 3609 698 3676 οοτερίοοίοιιε
719 3611 798 3662 etiem
818 3611 1006 3664 remotioribus
1027 3626 1112 3680 usque
1125 3611 1294 3664 Antiochiam
1315 3620 1342 3662 et
1359 3609 1430 3662 ultro
1448 3609 1590 3676 pertineat,

494 3695 543 3730 usu
563 3679 638 3732 veluit
655 3688 685 3732 ut
702 3681 835 3734 Aruhieoe
863 3682 1005 3752 religionis
1025 3683 1141 3750 vestigia
1159 3682 1257 3752 ubique
1280 3684 1308 3734 in
1335 3681 1383 3733 illa
1403 3689 1475 3732 terra
1493 3694 1592 3731 oecur-

494 3753 577 3818 τισι),
596 3750 642 3803 ubi
663 3751 875 3818 Antiochenses,
900 3757 945 3824 qui
965 3755 1070 3824 quidem
1091 3756 1135 3821 pie
1156 3770 1187 3805 ae
1206 3761 1280 3807 reete
1300 3754 1334 3805 de
1351 3751 1486 3821 religione
1504 3751 1592 3802 senti-

494 3827 563 3884 rent,
582 3835 631 3887 pro
650 3823 743 3888 patriis
761 3825 869 3890 pietatis
888 3825 1019 3893 dogmatis
1040 3826 1146 3878 lortiter
1163 3827 1319 3878 resistentes
1338 3823 1475 3886 videbam,
1495 3824 1591 3874 etiam.

495 3892 517 3942 si
539 3898 650 3944 mortem
670 3897 823 3960 perpessuri
844 3903 943 3960 essent,
956 3898 984 3947 in
1003 3911 1102 3948 summa
1121 3913 1177 3948 eam
1195 3911 1252 3948 rem
1270 3897 1443 3947 admiratione
1462 3894 1591 3946 hebebarn

447 4031 451 4040 ρ
495 3967 575 4030 atque
588 3962 620 4013 od
637 3970 755 4016 veterem
765 3967 917 4018 memorium
933 3966 1013 4018 telem
1032 3968 1164 4020 sentiendi
1182 3969 1311 4020 rationem
1326 3966 1412 4021 stetim
1430 3966 1591 4018 relerebern.

595 4049 720 4106 Ceterum
748 4052 829 4119 peulo
856 4062 918 4120 post
936 4069 1016 4122 quum
1039 4071 1081 4106 me
1101 4056 1232 4107 dedissem
1258 4057 1285 4108 in
1307 4057 1387 4119 mam,
1406 4070 1491 4123 usque
1507 4055 1592 4106 Issum

496 4120 633 4186 proiectus
654 4138 727 4187 sum,
757 4123 802 4174 ubi
824 4123 963 4178 convalles
986 4123 1099 4180 Ciliciae
1123 4142 1182 4178 curn
1206 4127 1283 4180 Tauri
1308 4124 1440 4178 montibus
1464 4133 1593 4177 enatura

497 4191 553 4242 iere
574 4194 631 4260 ipsa
661 4195 816 4248 coniunctos
843 4211 902 4248 esse
927 4197 1037 4248 dixeris.
1075 4204 1127 4248 tam
1152 4196 1236 4252 breve
1258 4199 1326 4249 eninr
1345 4198 1460 4265 spatium
1480 4199 1594 4249 interest

496 4263 566 4314 inter
586 4279 659 4317 mere
681 4274 708 4317 et
725 4274 828 4319 montes
848 4266 921 4330 illos,
941 4275 971 4319 ut
990 4275 1084 4335 portae
1103 4284 1120 4319 a
1139 4270 1274 4321 veteribus
1297 4275 1324 4320 et
1340 4267 1441 4321 lssieae
1461 4267 1592 4334 etSyria-

495 4348 543 4384 coe
564 4337 826 4404 cognominarentur.
864 4337 927 4390 urbs
949 4339 984 4390 ihi
1004 4339 1054 4390 sita
1076 4347 1117 4391 est
1134 4342 1269 4408 antiquior
1278 4339 1431 4404 Antiochia,
1450 4356 1510 4391 eum
1528 4337 1592 4405 plu-

495 4405 567 4459 rimis
586 4409 684 4460 ceteris
697 4408 858 4462 Alexandria
877 4407 1020 4476 appellate.
1058 4425 1114 4461 eom
1131 4413 1200 4462 enim
1217 4409 1369 4464 Alexander
1386 4413 1462 4478 quasi
1481 4412 1593 4477 primum

494 4480 632 4543 tropicum
659 4480 791 4532 victoriae
822 4481 969 4546 exeitovit,
994 4496 1070 4549 quum
1097 4482 1135 4534 ibi
1155 4483 1188 4534 de
1207 4482 1288 4535 Durio
1311 4482 1391 4536 Perse
1414 4483 1527 4549 primunr
1546 4495 1592 4532 re-
