4000 5392
432 560 436 569 ’
504 584 577 661 nno
680 600 683 611 ²
808 584 1032 713 nicoenum
1061 589 1295 660 cnnuonsn

503 757 616 826 κανόσι
628 757 693 843 ιναί
714 758 823 841 νόμοις
846 758 1118 840 συγκεχωρῆσθαι
1132 757 1210 840 prise
1231 758 1273 843 τῆ
1289 760 1383 845 κοινῆ
1396 762 1466 824 τῶν
1488 765 1622 827 πολλῶν

503 860 657 950 συνηθείᾳ
681 860 976 945 προκατειλῆφθαι,
1002 857 1070 922 ἀλλ’
1100 849 1188 921 ,εἶναι
1210 859 1362 937 καθάπαξ
1387 859 1573 928 ἀλλόκοτόν
1594 887 1621 929 τι

501 964 615 1049 χρῆμα
637 961 692 1025 καί
712 960 795 1024 πάνυ
816 955 1109 1044 τιρατωδέστατον,
1130 957 1186 1042 τῆν
1212 961 1275 1023 τῶν
1295 960 1443 1045 πατρίων
1467 962 1621 1048 αἰσχραῖς

439 1062 744 1152 Ηάφαιροόμενον
765 1059 926 1145 πρόνοιαν.
985 1060 1015 1123 εἷ
1050 1052 1106 1123 σόν
1134 1058 1189 1125 τόν
1222 1057 1391 1143 όμιόνυμον
1417 1062 1619 1139 καθελόντες

503 1166 559 1249 τῆς
584 1162 675 1241 ἀξίας
698 1162 879 1227 Κάλλιστον
892 1157 966 1245 ’,τόν
996 1159 1169 1245 Συμεῶνην
1197 1158 1475 1245 ἀντεισαγάγωμεν
1502 1156 1639 1239 addim

506 1262 653 1350 ἀφίξεται
673 1261 728 1346 τῆν
740 1261 894 1345 ταχίστην
906 1263 1073 1344 καταβοῶν
1088 1262 1205 1336 ἐκεῖνος
1217 1261 1273 1325 καί
1283 1262 1492 1346 κατατρέχων
1516 1262 1614 1347 ῆμάς,

503 1364 558 1428 καί
588 1363 730 1427 ἀπαιτῶν
764 1362 845 1447 ἀπερ
885 1359 962 1445 ἡμῖν
993 1361 1141 1427 έδεδιόκει
1174 1364 1263 1445 δῶρα
1291 1364 1348 1445 τῆς
1381 1361 1615 1448 ἀρχιερατικῆς

505 1466 595 1543 ἀξίας
616 1464 707 1528 ἕνεκα
730 1463 850 1543 πάντα,
883 1467 923 1529 δι’
947 1459 1033 1529 όσων
1054 1461 1148 1538 αότός
1173 1463 1305 1547 ἐπρίατο
1325 1461 1381 1546 τῆν
1400 1463 1613 1547 μητρόπολιν.

503 1563 523 1631 ό
547 1566 585 1648 δὴ
607 1567 732 1629 πολλῶν
752 1568 856 1651 ξιφῶν
881 1562 1097 1649 δριμυτέραν,
1115 1567 1196 1647 μετὰ
1220 1563 1304 1629 πάνυ
1325 1565 1455 1648 μακρῶς
1476 1567 1535 1649 τῆς
1558 1566 1612 1628 αι’-

504 1665 630 1747 σχόνης,
650 1665 691 1751 τῇ
708 1666 771 1750 ἐμῆ
792 1665 916 1746 κομίζει
938 1667 1036 1748 ψυχῇ
1063 1661 1119 1747 τῆν
1138 1662 1273 1747 όδόνην·
1324 1661 1353 1726 οἱ
1374 1660 1513 1747 γὰρκαὶ
1533 1663 1612 1747 πρίν
1621 1667 1652 1721 ¹⁰

505 1767 549 1841 εἷς
574 1763 715 1842 ἔξέτασιν
737 1763 820 1828 ι’όναι
840 1762 897 1841 τὰς
917 1761 996 1844 ἐμός
1029 1764 1118 1839 δίκας
1149 1764 1205 1828 καί
1228 1764 1314 1849 ιπρίν
1335 1760 1612 1849 ἀνακαλυφθῆναι

503 1863 543 1929 τά
563 1866 789 1951 προτεινόμενα
810 1868 887 1929 καθ’
907 1860 997 1949 ῆμῶν
1030 1864 1212 1949 έγκλῆματα
1235 1868 1356 1949 πικρῶς
1387 1860 1465 1946 ῆμῖν
1487 1863 1611 1946 ἐμβόλ-

506 1972 571 2030 λειν
595 1963 713 2029 obsoni
730 1962 802 2040 τοὺς
824 1962 955 2041 όδόντας
980 1962 1181 2039 ἀπειλοῦντες
1204 1964 1458 2040 inclinationum
1480 1962 1511 2027 οἱ
1536 1965 1610 2047 μεί-

508 2069 581 2147 ζους
604 2068 667 2131 τῶν
690 2064 939 2151 προτεινομένων
961 2064 1008 2129 ἔτι
1026 2066 1216 2147 μελετῶντες
1244 2064 1407 2151 ἐπιφέρειν
1431 2066 1611 2150 λοιδορίας,

507 2166 656 2248 ἀσέβειαν
678 2165 736 2247 οὐχ
759 2163 862 2249 ἀπλῆν
883 2167 953 2230 τινὰ
979 2166 1035 2230 καί
1053 2167 1205 2249 μονοειδῆ
1232 2162 1313 2227 ἀλλά
1334 2165 1479 2249 ποικίλην
1501 2188 1536 2230 τε
1554 2165 1652 2230 ιιυιίῑ5

375 2269 395 2324 l.
406 2269 459 2326 265
469 2287 493 2325 a.
504 2264 583 2330 πολύ
606 2267 865 2353 προβαλλομένην
896 2264 929 2330 τό
952 2266 1122 2352 ἀφόρητον,
1146 2264 1227 2341 τίνος
1259 2259 1297 2329 ἀν
1322 2266 1490 2351 φείσαιντο.
1508 2266 1612 2349 γλῶτ-

502 2392 558 2452 της
580 2370 624 2445 εἰς
646 2369 715 2453 φῶς
735 2366 941 2453 προηγμένων
969 2370 1032 2431 τῶν
1063 2362 1313 2451 θρυλλυυμένων
1344 2366 1404 2447 μὲν
1434 2363 1550 2442 ἀξίωςι,
1577 2368 1613 2429 έν
1681 2414 1686 2417 -

439 2471 614 2555 ΙΙνὲφεσι
636 2472 664 2533 δ’
685 2466 763 2543 ἴσως
784 2468 839 2531 καί
861 2470 1046 2553 δισταγμοῖς
1062 2466 1128 2531 τισί
1147 2461 1373 2551 κρυπτομένων
1392 2464 1451 2530 ἔτι.
1493 2464 1559 2549 ε’γῶ
1581 2468 1611 2529 δ’

506 2573 604 2635 έκεῖνο
624 2569 812 2652 τεθαύμακα
837 2572 900 2635 τῶν
935 2571 1056 2633 σκαιῶν
1070 2590 1108 2632 τε
1138 2566 1194 2630 καί
1220 2564 1441 2651 χαιρεκόκων,
1479 2569 1550 2642 πῶς
1571 2564 1613 2633 τὰ

506 2664 629 2735 ἑαυτῶν
653 2668 775 2755 αἰσχρὰ
796 2670 1050 2756 παρατρέχοντες
1067 2675 1134 2745 τοῖς
1155 2669 1244 2752 ἐμοῖς
1267 2667 1371 2742 ἀτενὲς
1390 2667 1531 2751 ἐνορῶσι
1555 2668 1657 2732 saiw

506 2776 576 2845 ταῖς
599 2773 690 2851 ὲμαῖς
711 2771 931 2854 έπιγάννυνται
955 2769 1149 2854 λοιδορίαις,
1172 2769 1229 2832 καί
1243 2769 1382 2850 μάλιστα
1404 2766 1533 2830 πάντων
1554 2766 1614 2851 τῆν

506 2871 568 2933 τῶν
591 2871 840 2941 Μασσαλιωτῶν
857 2893 913 2952 μοι
944 2868 1231 2954 προσονειδίζοντες
1257 2867 1397 2952 αἳρεσιν,
1426 2862 1537 2946 συχνὰ
1558 2865 1615 2930 καί

506 2969 656 3043 πολλάκις
680 2968 936 3051 ένδιαβάλλοντές
955 2991 989 3032 τε
1011 2966 1048 3031 οὗ
1074 2969 1277 3047 διαλείπουσι
1297 2966 1353 3030 καί
1373 2966 1449 3052 περί
1469 2962 1528 3048 τῆν
1551 2964 1613 3029 αό-

504 3221 580 3275 tione
598 3234 689 3272 seeum
707 3220 879 3286 sdduserast,
900 3234 980 3273 unum
998 3222 1114 3275 medium
1132 3221 1219 3275 risum
1238 3222 1282 3274 sit.
1301 3219 1441 3288 respondit
1457 3220 1551 3272 enim:
1572 3224 1614 3275 “si

505 3293 556 3346 duo
575 3299 655 3344 erunt
672 3306 723 3343 nun
742 3292 768 3343 in
788 3291 931 3360 metropoli
949 3292 1152 3360 metropolitae,
1172 3293 1198 3347 id
1216 3308 1306 3361 neque
1334 3299 1487 3344 sanctornm
1507 3300 1617 3358 petrum

506 3362 650 3416 cunonibns
671 3370 697 3415 et
715 3362 821 3430 legibus
840 3364 983 3428 convenit,
1004 3379 1093 3433 neque
1126 3371 1255 3416 conaneto
1283 3377 1358 3414 more
1383 3363 1532 3414 institutum
1562 3373 1615 3429 est,

505 3435 552 3487 sed
571 3434 653 3486 alieni
674 3434 795 3503 quiddam
815 3434 895 3487 liubet
921 3443 947 3486 et
979 3450 1088 3502 prorsus
1108 3436 1186 3500 miri,
1216 3443 1243 3486 et
1262 3435 1376 3501 turpiter
1396 3433 1485 3484 aulert
1504 3441 1615 3500 petrum

507 3505 680 3569 voluntatem.
718 3506 769 3557 iem
790 3506 859 3558 vero'
884 3508 907 3559 si
925 3507 1034 3558 nomino
1052 3505 1129 3559 nobie
1157 3513 1317 3575 congnntnm
1337 3503 1477 3558 Callistum
1509 3506 1614 3571 espul.

506 3578 603 3630 erimus
629 3591 738 3627 munere
764 3590 831 3641 nuo,
856 3585 883 3629 et
909 3577 1068 3643 Symeouern
1092 3593 1184 3630 rursus
1204 3577 1414 3639 restituerimus,
1443 3575 1534 3627 statim
1562 3576 1614 3629 illc

506 3662 563 3700 cum
582 3646 700 3699 clamore
718 3648 749 3699 sd
768 3662 817 3699 nos
836 3648 989 3716 properabit
1006 3663 1110 3718 uosque
1130 3647 1239 3700 vexabit
1255 3656 1282 3699 et
1307 3653 1432 3714 reposcet
1450 3646 1520 3697 dons
1539 3662 1614 3715 quae

504 3718 581 3771 nobis
614 3718 687 3769 dedit
716 3733 764 3785 pro
790 3717 936 3787 episcopali
960 3735 1090 3784 munere,
1121 3726 1216 3771 cuncte
1246 3718 1342 3786 quibus
1366 3716 1536 3784 metropolim
1556 3718 1612 3769 sibl

506 3790 577 3843 emit.
615 3788 667 3839 boc
686 3798 773 3840 eutem
801 3788 921 3842 dolorem
952 3788 1043 3842 multis
1069 3789 1166 3858 gladiis
1193 3789 1321 3841 seriorem
1350 3803 1403 3839 uun
1433 3802 1531 3855 magns
1549 3804 1613 3840 cum

505 3860 613 3913 iufamia
639 3858 703 3910 milri
729 3860 840 3927 parebit.
888 3876 947 3913 nrm
974 3862 1094 3928 episcopi
1120 3861 1166 3929 qui
1194 3862 1345 3929 priusquam
1373 3860 1406 3911 ad
1435 3860 1614 3912 examiusnda

506 3932 616 3984 crimine
634 3938 696 3982 eant
716 3939 742 3982 et
760 3938 885 3999 retegunt
903 3940 944 3996 es,
965 3934 1097 3984 acerrime
1115 3934 1143 3983 in
1163 3948 1205 3983 me
1225 3930 1346 3987 dentibus
1367 3928 1509 3993 frendunt,
1530 3931 1613 3982 etiem

506 4002 597 4071 plures
618 4004 702 4063 novn's
725 4001 841 4054 maculer
867 4002 931 4053 inibi
961 4002 1081 4054 obiicere
1105 4010 1199 4055 curent
1222 4003 1383 4067 impietatem
1410 4001 1534 4051 nimirum
1555 4016 1612 4052 non

504 4073 757 4209 lsltlttilll
773 4071 1613 4214 tl.illidit?{abellini,tlltllltltrl‚3¹3

503 4214 581 4267 bibus
600 4213 685 4265 adhuc
715 4223 742 4276 et
770 4214 982 4267 dubitationibus
1010 4215 1145 4268 occultate
1167 4211 1249 4266 aunt?
1291 4215 1413 4284 equidem
1435 4212 1487 4264 boc
1506 4214 1534 4264 iu
1554 4213 1611 4264 illis

504 4284 626 4337 molestis
647 4293 674 4337 et
692 4285 833 4339 malevolis
855 4285 1006 4339 homiuibus
1025 4286 1169 4339 sdmirutus
1191 4301 1268 4350 sum,
1287 4285 1358 4353 quod
1382 4285 1500 4350 ipsorum
1520 4284 1611 4351 turpi.

424 4368 429 4378 ¹
507 4355 605 4407 tudinia
625 4356 791 4410 immemores
814 4371 889 4409 mene
915 4358 1041 4410 continuo
1073 4358 1249 4421 inhaereant,
1278 4365 1305 4408 et
1323 4356 1389 4408 meis
1407 4353 1521 4406 maculis
1539 4369 1611 4421 χισ-

509 4426 597 4490 deant,
618 4434 644 4478 et
663 4442 727 4499 prse
746 4428 807 4481 aliis
826 4426 947 4480 omnibus
976 4429 1010 4481 de
1029 4427 1233 4481 llssulianorum
1257 4425 1363 4480 beeresi
1388 4440 1430 4477 me
1455 4424 1610 4492 obinrpeot.

510 4496 645 4549 enimuero
665 4499 759 4553 erebro
781 4506 808 4552 ut
825 4500 951 4553 continuo
972 4498 1165 4553 calumniantur
1179 4514 1221 4551 me
1236 4513 1325 4568 nequo
1342 4511 1456 4570 umquem
1473 4495 1610 4560 desinunt,
