4000 5392
454 624 525 701 188
758 630 981 699 nicoenum
1013 630 1242 699 Gnuoonns

450 795 647 877 τακυυζφνοό
660 787 715 875 τὴν
731 793 851 855 δειλίαν
866 789 1029 875 ἐνεποίησε
1048 794 1151 874 μέρει.
1193 782 1247 874 ἧκε
1266 791 1327 875 γὰρ
1345 795 1485 875 όλπόσας,
1507 790 1550 869 αἷς

452 894 543 980 φασό,
565 892 681 983 ρ’φδίαν
711 892 799 979 adrat
819 890 875 974 τὴν
906 891 951 966 εἰς
973 888 1151 971 Βυζάντιον
1172 891 1294 959 εἴσοδον
1316 890 1449 958 ἔσεσθαι
1471 892 1551 977 πρός

450 995 543 1059 τινιόν
563 992 672 1078 κρόφα
687 995 974 1076 διαμφνυσαμένοον
1000 992 1088 1077 αότῷ
1101 991 1163 1074 πρό
1185 996 1324 1075 βραχέος
1345 990 1378 1058 τό
1394 996 1453 1058 τοῦ
1471 1018 1551 1059 συν-

450 1094 591 1178 θήματος
614 1095 731 1177 δρᾶμα.
773 1095 843 1159 ἐπεὶ
865 1092 935 1179 δὴ
965 1097 1092 1173 βασιλίς
1115 1091 1235 1181 Εἰρήνη
1267 1098 1413 1181 διανέστη
1436 1120 1470 1161 τε
1489 1120 1552 1159 πα-

450 1198 604 1280 ραχρῆμα
637 1196 692 1258 καί
719 1194 972 1278 δραστικοότερσν
1003 1185 1024 1277 ἢ
1045 1192 1125 1257 suro
1148 1196 1331 1278 γυναικείαν
1358 1196 1457 1281 φόσιν
1477 1197 1578 1270 δια-5

451 1299 630 1382 νσρσαμένη
651 1296 708 1373 τός
728 1295 929 1378 πανταχόθεν
961 1294 1220 1375 δποπτευομένας
1247 1296 1393 1372 εἰσόδους
1414 1296 1552 1381 εόχιστα

452 1397 653 1482 ἠσφαλίσατό
670 1420 703 1462 τε
733 1398 789 1461 καί
821 1396 885 1461 τοῖν
906 1388 1167 1475 ὑποπτευομένων
1196 1394 1242 1461 ἔτι
1264 1395 1442 1481 προσώπων
1457 1395 1552 1472 ἐντός

453 1497 634 1572 Βυζαντίου
656 1495 714 1572 τοὶς
730 1493 834 1578 δρμός
847 1494 1005 1562 διέστειλε
1022 1495 1105 1559 πονο
1127 1499 1270 1617 ταχειαις
1279 1496 1403 1615 χερσίν,
1425 1492 1551 1582 όπρακ-

341 1607 503 1671 'loros
523 1595 621 1662 oo'rdv
644 1600 678 1661 ἐν
699 1622 802 1679 τρισιν
824 1596 958 1681 ἡμέραις
989 1594 1176 1661 α’πιλθεῖν’
1162 1592 1346 1681 επεπρόχει.
1389 1600 1465 1663 δέκα
1488 1621 1551 1678 με·

450 1692 528 1774 ταξό
550 1699 717 1780 παρῆλθον
739 1696 875 1781 ἡμέραν,
897 1721 949 1760 και
973 1719 1055 1779 αρας
1083 1693 1098 1759 ό
1116 1694 1385 1820 Καντακορζηνός
1406 1700 1439 1775 ἔξ
1458 1696 1551 1782 Ὀρε-
1560 1716 1595 1770 10

450 1790 626 1872 στιόδος
605 1820 678 1880 ηκεν
706 1801 751 1874 εἰς
782 1794 959 1877 Βυζόντιον
990 1795 1044 1861 διό
1069 1799 1181 1866 ταῦτα.
1230 1798 1287 1863 κατ’
1309 1792 1552 1881 όποπτονέχων

449 1895 484 1961 ἐκ
506 1902 623 1962 πολλοῦ
655 1900 709 1963 τὸν
740 1895 939 1981 πατριόρχπν
968 1900 1093 1965 πολλῶν
1113 1921 1146 1962 τε
1178 1890 1320 1963 illust
1304 1922 1394 1964 ενεκα
1414 1902 1472 1969 κατ’
1494 1902 1551 1983 τῆς

450 1994 530 2082 πρός
553 1997 775 2081 Παλοιολόγον
807 1997 946 2078 μάλιστα
968 2002 1095 2084 φιλίας
1106 2022 1158 2063 και
1182 1997 1424 2084 όαοφροσόνης,
1448 1996 1551 2084 σοφόν

450 2091 594 2164 εἶναδι
565 2122 595 2162 οι
630 2092 810 2177 νενόμισται
840 2106 954 2182 πεῖραν
980 2103 1035 2163 και·
1060 2102 1117 2163 νόν
1150 2101 1315 2217 εἰληφέναι
1342 2102 1395 2183 τῆς
1424 2100 1550 2185 χναόμης

449 2201 559 2265 ου’τοῦ.
603 2204 733 2285 πέμψας
757 2192 815 2263 σόν
839 2191 929 2283 ἤρετο
952 2202 983 2265 ει
1010 2199 1074 2284 χρὴ
1096 2208 1165 2275 ταῖς
1185 2201 1246 2265 τοῖν
1269 2205 1473 2282 στρατιωτῶν
1495 2226 1548 2266 και
1560 2223 1592 2277 15

449 2302 512 2365 ταῖν
532 2296 672 2377 αλλως“
656 2300 797 2385 σχόντων
827 2305 1041 2386 συχνλφτικων
1062 2299 1189 2382 alliorum
1211 2306 1298 2383 βίαις
1328 2299 1384 2387 τήν
1404 2326 1439 2366 τε
1470 2306 1551 2368 α’να-

448 2404 597 2485 χόρευσιν
615 2408 673 2467 τοῦ
695 2401 790 2477 υιέως
823 2400 973 2470 ἐνδοῦναι
997 2404 1173 2468 Ματθαόου
1202 2408 1373 2487 γενέσθαι,
1407 2400 1503 2469 καί“
1480 2429 1549 2483 αμα

449 2507 494 2592 api
511 2507 570 2568 rori
584 2503 735 2587 χόμβροό
748 2503 976 2586 Παλαιολόγου
998 2503 1230 2589 damnosam».
1275 2499 1292 2565 ό
1313 2505 1340 2568 δ’
1355 2504 1422 2569 οὐδ’
1441 2497 1550 2589 όκροις

448 2605 598 2687 ἠνέσχετο
620 2606 774 2683 δέξασθαι
795 2614 860 2680 τοῖς
879 2605 970 2686 riori,
994 2602 1075 2675 δλλό
1097 2608 1304 2688 τραχυτέροις
1325 2628 1358 2670 τε
1380 2603 1549 2670 α’πεοόσατο
1659 2680 1674 2687 Ι,

449 2703 564 2786 λόχοις,
584 2708 639 2770 καὶ
659 2700 725 2783 όμα
747 2709 781 2778 ἐς
808 2703 866 2788 τὴν
889 2706 1063 2788 δστεραιάν
1094 2708 1151 2770 τοῦ
1173 2704 1404 2788 πατριαρχεόου
1425 2706 1593 2784 ἐξίστα-ρο

342 2813 345 2825 “
448 2828 524 2869 ται·
565 2805 619 2870 καὶ
642 2803 738 2882 αόιός
760 2809 820 2886 μὲν
848 2808 881 2869 ἐν
915 2810 955 2892 τῇ
984 2810 1041 2870 roni
1062 2809 1258 2870 Ἀδανασίου
1285 2804 1438 2871 καταλόει
1460 2810 1550 2895 μονῇ,

310 2913 331 2970 l.
347 2912 397 2969 107
411 2902 487 2970 πτολ
509 2906 545 2970 ‹tt
565 2904 746 2991 σκευοφόρα
768 2910 800 2990 εἷς
824 2906 882 2989 τὴν
906 2910 964 2969 τοῦ
982 2907 1076 2987 δγιόυ
1100 2904 1279 2986 Μόμαντος
1303 2908 1550 2993 α’πεφορτιζοντο

447 3006 557 3088 μονήν,
579 3000 618 3088 ἢν
636 3005 698 3088 πρό
715 3003 871 3090 τεττάρων
893 3008 1049 3070 ἐνιαυτῶν
1071 3010 1299 3093 σφετερίζεται.
1319 3004 1445 3091 βραχός
1466 3008 1550 3072 ἐκεῖ·

449 3108 507 3170 oar
529 3104 628 3193 όρρόνρ
648 3103 785 3192 χρόνος,
806 3107 862 3171 κατ’
875 3110 1050 3183 Moriatur
1074 3108 1090 3172 ό
1111 3108 1169 3172 κου’
1189 3111 1458 3194 Καντακυυζνρνοῦ
1481 3104 1550 3185 υἱός

450 3400 534 3454 festus
553 3400 604 3454 ille
623 3400 706 3454 luisse
723 3402 782 3455 iore
799 3410 828 3454 ut
846 3402 927 3456 facile
938 3402 1097 3470 Byzantium
1111 3401 1238 3454 introiret
1252 3401 1319 3454 clam
1333 3404 1451 3471 acceptis
1470 3402 1550 3457 brevi
1612 3410 1615 3415 “

449 3475 589 3527 derorum
610 3475 763 3526 conditione
782 3477 892 3528 nuntiis.
917 3474 996 3527 Irene
1016 3481 1102 3525 autern
1121 3476 1214 3541 regina
1235 3472 1313 3543 quum
1332 3474 1419 3528 subito
1437 3492 1467 3527 se
1487 3492 1550 3527 ere.

449 3546 534 3597 xisset
555 3552 582 3596 et
598 3546 685 3597 animo
709 3548 813 3598 acriore
833 3564 909 3616 quam
929 3561 981 3615 quo
999 3545 1127 3597 mulieres
1146 3545 1244 3610 solent,
1265 3561 1360 3597 rerum
1375 3546 1549 3615 gerendarum

451 3615 592 3669 consilium
612 3618 744 3685 cepisset,
764 3617 873 3671 lubricis
892 3618 992 3687 ubique
1012 3618 1063 3668 alis
1092 3631 1168 3684 quam
1188 3582 1330 3669 celerrime
1348 3619 1456 3669 munitis
1475 3626 1502 3670 et
1522 3620 1549 3670 in

450 3686 611 3757 periculosis
638 3687 763 3754 Byzantii
796 3689 1004 3761 propugnaculis
1034 3688 1169 3755 copiarum
1208 3688 1376 3740 multitudine
1408 3688 1549 3755 collocata,

450 3758 535 3812 tribus
557 3767 618 3826 post
636 3759 729 3811 diebus
761 3776 820 3812 eum
846 3763 952 3813 iniectis
979 3760 1059 3813 rebus
1083 3759 1157 3810 abire
1186 3760 1285 3827 coegit.
1329 3760 1419 3811 decern
1447 3762 1550 3814 interea

451 3829 641 3915 praeterlapsis
664 3830 757 3883 diebus
771 3832 973 3885 Cantacusenus
988 3831 1128 3884 0restiade
1147 3831 1242 3882 relicta
1260 3829 1418 3897 Byzantium
1438 3830 1472 3883 ob
1492 3848 1549 3884 earn

451 3916 555 3953 causam
575 3902 672 3953 itinere
695 3903 841 3954 contendit
879 3910 906 3953 et
927 3918 1006 3971 quum
1025 3904 1051 3953 in
1072 3903 1225 3969 suspicione
1245 3901 1419 3969 patriarcham
1439 3902 1550 3956 liaberet

451 3988 510 4024 oum
527 3971 562 4022 ob
580 3972 648 4025 alias
669 3987 762 4024 causas
782 3981 834 4024 turn
854 3975 1019 4041 potissimum
1039 3973 1073 4023 ob
1093 3974 1234 4025 amicitiam
1254 3988 1306 4042 qua
1324 3976 1504 4041 propenderet
1521 3976 1548 4026 in

451 4042 652 4113 l'alaeologurn,
672 4044 876 4111 prudentissime
897 4045 947 4095 sibi
967 4046 1042 4096 visus
1064 4052 1104 4096 est
1124 4046 1286 4110 experiendo
1313 4058 1374 4096 esse
1394 4047 1451 4097 eius
1470 4048 1498 4097 in
1519 4062 1550 4097 se

451 4115 617 4168 voluntatem
635 4113 832 4167 intellecturus.
869 4116 941 4167 misit
958 4116 1041 4185 igitur
1059 4116 1104 4182 qui
1133 4130 1166 4167 ex
1186 4131 1217 4167 eo
1237 4125 1399 4185 quaererent
1414 4130 1476 4167 num
1497 4118 1549 4169 mi.

451 4185 527 4237 litum
549 4194 575 4237 et
593 4194 743 4239 sanatorum
764 4186 865 4237 viribus
885 4185 982 4238 cedens
1002 4186 1191 4253 persuaderet,
1218 4195 1246 4238 ut
1267 4187 1413 4241 Matthaeus
1432 4201 1480 4239 rex
1499 4189 1550 4240 de-

451 4256 598 4310 clararetur
618 4267 645 4310 et
663 4255 827 4327 l'alseologo
847 4272 942 4309 socero
962 4259 1157 4326 ignosceretur.
1195 4274 1263 4325 quac
1277 4258 1325 4310 ille
1345 4274 1425 4327 quum
1436 4258 1549 4311 moleste

451 4328 522 4380 ierre
543 4329 678 4382 rideretur
704 4337 732 4380 et
759 4330 913 4396 asperrimis
941 4330 1031 4380 verbis
1059 4330 1261 4393 reiiceret,e1
1286 4329 1463 4395 patriarchica
1485 4331 1550 4381 seda

450 4399 552 4452 eiectus
571 4407 613 4451 est
632 4400 769 4467 postridie.
808 4401 866 4467 ipse
887 4400 956 4465 apud
970 4400 1142 4453 Athanasium
1162 4402 1290 4464 divertit,
1319 4400 1442 4467 supellex
1461 4404 1554 4453 autem

450 4470 477 4518 in
496 4468 534 4521 St.
556 4472 694 4523 mamantis
707 4472 870 4523 mansionem
890 4478 1134 4537 transportatam,
1156 4486 1234 4539 quam
1253 4480 1315 4523 anto
1334 4480 1448 4539 quatuor
1466 4486 1550 4523 annos

448 4538 499 4596 sibi
518 4548 638 4595 emerat.
665 4542 742 4599 brevi
760 4542 825 4595 inde
843 4550 964 4609 tempore
983 4542 1184 4611 praeterlapsis,
1203 4542 1350 4597 llattlsaeus
1369 4542 1550 4641 Gantscareni
